@phdthesis{Schmidt-2013,
	author = {Schmidt, J. P.},
	title = {Verfahren zur Charakterisierung und Modellierung von Lithium-Ionen Zellen},
	school = {Karlsruhe},
	year = {2013},
	publisher = {KIT Scientific Publishing}
}

@phdthesis{Kohs-2022,
	author = {Kohs, Alexander},
	title = {Batteriemodell zur Prädiktion des Gesundheitszustands von Lithium-Ionen-Batterien},
	school = {Univ. Stuttgart},
	year = {2022},
	publisher = {Springer},
	doi = {10.1007/978-3-658-37679-6}
}

@inproceedings{KeilJossen-2012,
	author = {Keil, P. and Jossen, A.},
	title = {Aufbau und Parametrierung von Batteriemodellen},
	booktitle = {19. DESIGN\&ELEKTRONIK-Entwicklerforum Batterien \& Ladekonzepte},
	address = {München},
	year = {2012},
	url = {mediatum.ub.tum.de/doc/1162416/1162416.pdf}
}

@incollection{Roscher-2016,
	author = {Roscher, V. and Riemschneider, K.-R. and Sassano, N.},
	title = {Batterie-Zellensensoren mit drahtloser Kommunikation und verteilter Signalverarbeitung},
	booktitle = {Automobil-Sensorik},
	editor = {Tille, T.},
	publisher = {Springer},
	year = {2016},
	doi = {10.1007/978-3-662-48944-4_2}
}

@incollection{Hammerschmidt-2016,
	author = {Hammerschmidt, T. and Schmidt, J.P.},
	title = {Impedanzsensorik für Batteriezellen in Elektro-Fahrzeugen},
	booktitle = {Automobil-Sensorik},
	editor = {Tille, T.},
	publisher = {Springer},
	year = {2018},
	doi = {10.1007/978-3-662-56310-6_5}
}

@inproceedings{Roscher-2015,
	author = {Roscher, V. and Schneider, M. and Durdaut, P. and Sassano, N. and Pereguda, S. and Mense, E. and Riemschneider, K.R.},
	title = {Synchronisation using wireless trigger-broadcast for impedance spectroscopy of battery cells},
	booktitle = {IEEE SAS Sensors Applications Symposium},
	year = {2015},
	doi = {10.1109/sas.2015.7133608}
}

@inproceedings{Abel-1991,
	author = {Abel, J. S. and Smith, J. O.},
	title = {Restoring a clipped signal},
	booktitle = {Proc. IEEE ICASSP},
	pages = {1745–1748},
	year = {1991},
	doi = {10.1109/icassp.1991.150655}
}

@inproceedings{Ting-2013,
	author = {Ting, S.-K. and Sayed, A. H.},
	title = {Mitigation of clipping in sensors},
	booktitle = {IEEE International Conference on Acoustics, Speech and Signal Processing},
	pages = {5934-5938},
	year = {2013},
	doi = {10.1109/ICASSP.2013.6638803}
}

@inproceedings{Zhou-2019,
	author = {Zhou, N. and Wang, J. and Sun, B. and Liu, R. and Hu, N.},
	title = {The Automatic Repairing Method Addressing Clipping Distortions and Frictional Noises in Electronic Stethoscope},
	booktitle = {IEEE 7th International Conference on Bioinformatics and Computational Biology (ICBCB)},
	pages = {195-199},
	year = {2019},
	doi = {10.1109/ICBCB.2019.8854669}
}

@inproceedings{Chan-2012,
	author = {Chan, A. D. C. and Green, J. R. and Maclsaac, D. and Fraser, G. D.},
	title = {Detection of ADC clipping, quantization noise, and amplifier saturation in surface electromyography},
	booktitle = {IEEE International Symposium on Medical Measurements and Applications Proceedings},
	year = {2012},
	doi = {10.1109/memea.2012.6226629}
}

@article{Jung-1993,
	author = {Jung, P.},
	title = {Periodically driven stochastic systems},
	journal = {Physics Reports},
	volume = {175},
	pages = {175-295},
	year = {1993},
	doi = {10.1016/0370-1573(93)90022-6}
}

@article{Gamad-2009,
	author = {Gamad, R.S. and Mishra, D.K.},
	title = {Gain error, offset error and ENOB estimation of an A/D converter using histogram technique},
	journal = {Measurement},
	volume = {42},
	number = {4},
	pages = {570-576},
	year = {2009},
	doi = {10.1016/j.measurement.2008.10.003}
}

@mastersthesis{Frahm-2023,
	author = {Frahm, T.},
	title = {Sensorsystem für die Impedanzspektroskopie in Fahrzeugbatterien: Analogvorstufe, Signalverarbeitung und Software},
	school = {HAW Hamburg},
	year = {2023}
}
