@Thesis{stud_ahmed_ksmp,
  author   = {A. {Albounyan}},
  title    = {Charakterisierung magnetischer Winkelsensoren mittels Kreuzspulenmessplatz},
  type     = {Bachelorthesis},
  url      = {https://reposit.haw-hamburg.de/handle/20.500.12738/8714},
  file     = {:PDF/BA_A_Albounyan.pdf:PDF},
  groups   = {Abschlussarbeiten},
  keywords = {students},
  school   = {HAW Hamburg},
  year     = {2019},
}

@Article{Groot_2011,
	author    = {Robin I de Groot  and Olaf M Dekkers and Ingeborg Hf Herold and Evert de Jonge and M Sesmu Arbous},
	date      = {2011},
	title     = {Risk factors and outcomes after unplanned extubations on the ICU: a case-control study},
	doi       = {10.1186/cc9964},  
	journal   = {Crit Care},
} 
@Article{Cosentino_2017,
	author    = {Chiara Cosentino and Mattia Fama and Chiara Foà and Giorgia Bromuri and Serena Giannini and Marco Saraceno and Angela Spagnoletta and Mbemo Tenkue and Elena Trevisi and Leopoldo Sarli},
	date      = {2017},
	title     = {Unplanned Extubations in Intensive Care Unit: Evidences for Risk Factors. A literature review},
	doi       = {10.23750/abm.v88i5-S.6869}, 
	journal   = {Acta Biomed},
}
@Article{Anoop_2020,
author    = {Anoop K. Chhina and Gary E. Loyd and Trevor J. Szymanski and Katherine A. Nowak and William T. Peruzzi and Nicholas S. Yeldo and Xiaoxia Han and Lotfi S. Kerzabi and Dragos M. Galusca and Simona Cazacu and Chaya Brodie and Donald H. Penning},
date      = {2020},
title     = {Frequency and Analysis of Unplanned Extubation in Coronavirus Disease 2019 Patients},
doi       = {10.1097/CCE.0000000000000291}, 
journal   = {Crit Care Explor},
}
@Article{Berkow_2022,
author    = {Lauren Berkow and David Hughes and Arthur Kanowitz}, 
title     = {Guide to Unplanned Extubation},
date      = {2022}, 
journal   = {Crit Care Explor},
}

@Article{Berkow_2020,
author    = {Lauren Berkow and Arthur Kanowitz},
date      = {2020},
title     = {COVID-19 Putting Patients at Risk of Unplanned Extubation and Airway Providers at Increased Risk of Contamination}, 
journal   = {Anesthesia and Analgesia},
doi = {10.1213/ANE.0000000000004890},
}

@Article{Boghadadly_2020,
	author    = { K El-Boghdadly    and  D J N Wong   and  R Owen   and  M D Neuman   and  S Pocock   and  J B Carlisle   and  C Johnstone   and  P Andruszkiewicz   and  P A Baker   and  B M Biccard   and  G L Bryson   and  M T V Chan   and  M H Cheng   and  K J Chin   and  M Coburn   and  M Jonsson Fagerlund   and  S N Myatra   and  P S Myles   and  E O'Sullivan   and  L Pasin   and  F Shamim   and  W A van Klei   and  I Ahmad},
	date      = {2020},
	title     = {Risks to healthcare workers following tracheal intubation of patients with COVID-19: a prospective international multicentre cohort study }, 
	journal   = {Anaesthesia},
	doi = {10.1111/anae.15170},
}
@Article{Tailleur_2020,
	author    = {Robert Tailleur and Istvan Bathory and Mirko Dolci and Philippe Frascarolo and Christian Kern and Patrick Schoettker},
	date      = {2020},
	title     = {Endotracheal tube displacement during head and neck movements. Observational clinical trial }, 
	journal   = {Journal of Clinical Anesthesia},
	doi = {10.1016/j.jclinane.2015.12.043},
}



 
@Article{Lassence_2002,
	author    = {Arnaud de Lassence and Corinne Alberti and Elie Azoulay and Eric Le Miere and Christine Cheval and François Vincent and Yves Cohen and Maïté Garrouste-Orgeas and Christophe Adrie and Gilles Troche and Jean-François Timsit},
	date      = {2002},
	title     = {Impact of unplanned extubation and reintubation after weaning on nosocomial pneumonia risk in the intensive care unit: a prospective multicenter study }, 
	journal   = {Anesthesiology},
	doi = {10.1097/00000542-200207000-00021},
}
 
@Article{Higgs_2018,
	author    = {A Higgs and B A McGrath and C Goddard and J Rangasami and G Suntharalingam and R Gale and T M Cook},
	date      = {2018},
	title     = {Guidelines for the management of tracheal intubation in critically ill adults}, 
	journal   = {British Journal of Anaesthesia},
	doi = {10.1016/j.bja.2017.10.021 }, 
}

@Article{franz_2014,
author    = {Alfred M Franz and Tamás Haidegger and Wolfgang Birkfellner and Kevin Cleary and Terry M Peters and Lena Maier-Hein},
date      = {2014},
title     = {Electromagnetic Tracking in Medicine—A Review of Technology, Validation, and Applications}, 
journal={IEEE Transactions on Medical Imaging}, 
doi = {10.1109/TMI.2014.2321777}, 
}

@Article{Denny_2014, 
author    = {John T. Denny and Enrique Pantin and Julia Denny and William Grubb and James Tse and Darrick Chyu and Phat Trihn and Christine Hunter},
date      = {2014},
title     = {Self-Extubation in the Surgical Intensive Care Unit and Restraint Policy Change: A Retrospective Study},
doi       = {10.2174/1874220301401010010}, 
journal   = {Open Medicine Journal},
}

@Article{Saeed_2019, 
	author    = {Saeed A. Mahmood and Omaima S. Mahmood and Ayman A. El-Menyar and Mohammad M. Asim and Ahmed Abdel-Aziz Abdelbari and Talat Saeed Chughtai and Hassan A. Al-Thani},
	date      = {2019},
	title     = {Self-Extubation in Patients with Traumatic Head Injury: Determinants, Complications, and Outcomes},
	doi       = {10.4103/aer.AER_92_19}, 
	journal   = {Anesth Essays and Resarchers},
}



@Thesis{diss_Krey,
  author = {Martin Krey},
  title  = {Systemarchitektur und Signalverarbeitung für die Diagnose von magnetischen ABS-Sensoren},
  file   = {:PDF/diss_martin_krey.pdf:PDF},
  groups = {KREY},
  school = {Helmut-Schmidt-Universität},
  year   = {2015},
}

@Thesis{stud_petrak_modell,
  author   = {O. {Petrak}},
  title    = {Signal processing algorithms for magnetic sensor arrays},
  type     = {Masterthesis},
  url      = {https://reposit.haw-hamburg.de/handle/20.500.12738/8660},
  file     = {:PDF/MA_O_Petrak.pdf:PDF},
  groups   = {Abschlussarbeiten},
  keywords = {students},
  school   = {HAW Hamburg},
  year     = {2019},
}

@Thesis{stud_helck,
  author   = {Jannes Helck},
  title    = {Digitale Signalverarbeitungs-Module für einen Chipentwurf für ein Sensor-Array},
  type     = {Bachelorthesis},
  url      = {https://reposit.haw-hamburg.de/handle/20.500.12738/8482},
  file     = {:PDF/BA_J_Helck.pdf:PDF},
  groups   = {Abschlussarbeiten},
  keywords = {FPGA; sensor array; RAM; CORDIC; digital signal processing; FPGA; microcontroller;, students},
  school   = {HAW Hamburg},
  year     = {2018},
}

@Online{matlab,
  author = {{The MathWorks, Inc.}},
  title  = {Matlab 9.7 – Release 2019b},
  url    = {https://de.mathworks.com/},
  groups = {Software},
  year   = {2019},
}
@Article{ds_tdkTAS2141,
	author = {{TDK Electronics}},
	title  = {{TAS2141-AAAA}},
	note   = {Datenblatt, \href{https://product.tdk.com/system/files/dam/doc/product/sensor/angle/tmr-angle/data_sheet/ds_sensor_tmr-angle_tas2141-aaab_en.pdf}{www.tdk.com}, 2019.},
	file   = {:PDF/ds_TDK.pdf:PDF},
	groups = {Datasheets},
	year   = {},
} 

@Online{ds_kepco,
  author = {Kepco},
  title  = {BOP 50-20-MG},
  url    = {http://www.kepcopower.com},
  file   = {:PDF/ds_bop1kw-opr-r10.pdf:PDF},
  groups = {Datasheets},
  year   = {2019},
}

@Thesis{stud_Piorek,
  author = {M. {Piorek}},
  title  = {Hard- und Software eines Messplatzes zur Harmonischenanalyse bei magnetischen Sensoren},
  type   = {Masteerarbeit},
  url    = {https://reposit.haw-hamburg.de/handle/20.500.12738/5335},
  file   = {:PDF/DA_M_Piorek.pdf:PDF},
  groups = {Abschlussarbeiten},
  school = {HAW Hamburg},
  year   = {2011},
}

@InProceedings{ieee_krey,
  author    = {M. {Krey} and K. {Riemschneider} and S. {Zippel}},
  booktitle = {2012 IEEE International Instrumentation and Measurement Technology Conference Proceedings},
  title     = {Signal synthesis for magnetoresistive speed sensors based on field simulations combined with measured sensor characteristic diagrams},
  doi       = {10.1109/I2MTC.2012.6229662},
  pages     = {300-305},
  file      = {:PDF/krey_SigSysIEEE.pdf:PDF},
  groups    = {KREY},
  year      = {2012},
}

@Online{ds_tekawg,
  author = {Tektronix},
  title  = {{AFG3022B}},
  url    = {https://de.tek.com/signal-generator/afg3000-function-generator},
  file   = {:PDF/AFG3000_Series_Arbitrary-Function_Generators_Datasheet_76W-18656-5.pdf:PDF},
  groups = {Datasheets},
  year   = {2019},
}

@Online{ds_MDT,
  author = {{MultiDimension Technology}},
  title  = {TMR2105},
  url    = {http://www.dowaytech.com/en},
  file   = {:PDF/TMR2105-Datasheet-EN-V1.0a1.pdf:PDF},
  groups = {Datasheets},
  year   = {2019},
}


@Article{ds_infTLE5501,
	author = {{Infineon}},
	title  = {{TLE5501 Angle Sensor}},
	note   = {Datenblatt, \href{https://www.infineon.com/cms/en/product/sensor/magnetic-sensors/magnetic-position-sensors/angle-sensors/tle5501-e0001/}{www.infineon.com}, 2019.},
	file   = {:PDF/TLE5501.pdf:PDF},
	groups = {Datasheets},
	year   = {},
}   
@InBook{Slatter2016,
  author    = {R. {Slatter} and G. {von Manteuffel}},
  booktitle = {Automobil-Sensorik: Ausgew{\"a}hlte Sensorprinzipien und deren automobile Anwendung},
  title     = {Magnetoresistive Sensoren f{\"u}r Weg-, Winkel-, Strom- und Feldmessung im Automobil},
  doi       = {10.1007/978-3-662-48944-4_14},
  editor    = {Tille, Thomas},
  isbn      = {978-3-662-48944-4},
  pages     = {281--315},
  publisher = {Springer Berlin Heidelberg},
  url       = {https://doi.org/10.1007/978-3-662-48944-4_14},
  address   = {Berlin, Heidelberg},
  comment   = {Anforderungen an magnetische Sensoren | Überblick zu Sensortechnologie ?},
  file      = {::PDF/slatter2016.pdf:PDF:},
  groups    = {MR-Technologie},
  year      = {2016},
}

@Article{ieee_SensDevRoadmap,
  author  = {C. {Zheng} and K. {Zhu} and S. {Cardoso de Freitas} and J. {Chang} and J. E. {Davies} and P. {Eames} and P. P. {Freitas} and O. {Kazakova} and C. {Kim} and C. {Leung} and S. {Liou} and A. {Ognev} and S. N. {Piramanayagam} and P. {Ripka} and A. {Samardak} and K. {Shin} and S. {Tong} and M. {Tung} and S. X. {Wang} and S. {Xue} and X. {Yin} and P. W. T. {Pong}},
  title   = {Magnetoresistive Sensor Development Roadmap (Non-Recording Applications)},
  doi     = {10.1109/TMAG.2019.2896036},
  number  = {4},
  pages   = {1-30},
  volume  = {55},
  comment = {Überblick über die Entwicklung des MR-Sensors. Und zukünftige Voraussagen für Anwendungen und Technologien.},
  file    = {:PDF/Magnetoresistive_Sensor_Development_Roadmap.pdf:PDF},
  groups  = {MR-Technologie},
  journal = {IEEE Transactions on Magnetics},
  year    = {2019},
}

@Article{Huang2018,
  author   = {G. {Huang} and J. {Jeng}},
  title    = {Implementation of 16-Channel AMR Sensor Array for Quantitative Mapping of Two-Dimension Current Distribution},
  doi      = {10.1109/TMAG.2018.2844290},
  issn     = {1941-0069},
  number   = {11},
  pages    = {1-5},
  volume   = {54},
  file     = {:PDF/arr_amr.pdf:PDF},
  groups   = {Array-Strukturen},
  journal  = {IEEE Transactions on Magnetics},
  keywords = {current distribution;electric current measurement;enhanced magnetoresistance;Fourier transforms;magnetic field measurement;magnetic sensors;magnetoresistive devices;sensor arrays;spatial filters;16-channel anisotropic magnetoresistance sensor array scanner;field interference mapping;printed circuit board;foreign object detection;nondestructive testing;2D Fourier transform;2D current density distribution calculation;two-dimension current density distribution mapping;16-channel AMR sensor array scanner;spatial filters;distance 2.5 mm;Magnetometers;Magnetic resonance imaging;Perpendicular magnetic anisotropy;Sensor arrays;Spatial resolution;Current distribution;Anisotropic magnetoresistance (AMR);inverse problems;magnetic fields;sensor arrays},
  year     = {2018},
}

@InProceedings{ReilSAS2019,
  author    = {C. {Reil} and M. {Meier} and H. {Schmidt}},
  booktitle = {IEEE Sensors Applications Symposium (SAS)},
  title     = {A High-Speed Magnetic Camera for Harsh Electromagnetic Environments},
  doi       = {10.1109/SAS.2019.8706016},
  pages     = {1-5},
  comment   = {Hier gibt es ein Beispiel für ein Hall-Array: HALL in One | Untersuchung von Lichtbogenbildungen},
  file      = {:PDF/1570513629.pdf:PDF},
  groups    = {Array-Strukturen},
  year      = {2019},
}

@InProceedings{GrimSAS2019,
  author    = {V. {Grim} and P. {Ripka} and J. {Fischer}},
  booktitle = {IEEE Sensors Applications Symposium (SAS)},
  title     = {Characterization of circular array current transducers},
  doi       = {10.1109/SAS.2019.8706029}, 
  file      = {:PDF/Characterization_of_circular_array_current_transducers.pdf:PDF},
  groups    = {Array-Strukturen},
  year      = {2019},
}

@Article{mr_linearization,
  author  = {Silva, A. V. and Leitao, D. C. and Valadeiro, J. and Amaral, J. and Freitas, P. P. and Cardoso, S.},
  title   = {Linearization strategies for high sensitivity magnetoresistive sensors},
  doi     = {10.1051/epjap/2015150214},
  number  = {1},
  pages   = {10601},
  url     = {https://doi.org/10.1051/epjap/2015150214},
  volume  = {72},
  comment = {Linearisierung von TMR-Tunnelkontakten, Gute Zeichnung, was alles gemacht werden kann, Wie sieht das Ausgangsverhalten aus - Mess- und Simulationstechnische Lösung},
  file    = {:PDF/ap150214.pdf:PDF},
  groups  = {TMR Vortex},
  journal = {Eur. Phys. J. Appl. Phys.},
  year    = {2015},
}

@InProceedings{schuetheIEEE2020,
  author    = {Sch{\"u}the, Thorben and J{\"u}nemann, Klaus and Riemschneider, Karl-Ragmar},
  booktitle = {IEEE Sensors},
  title     = {{Tolerance Compensation based on Gaussian Processes for Angle Measurements with Magnetic Sensor Arrays}},
  doi       = {10.1109/SENSORS47125.2020.9278932}, 
  file      = {:PDF/PID6578775.pdf:PDF},
  groups    = {Eigene Publikationen, Signalverarbeitung},
  keywords  = {ownpub},
  year      = {2020},
}

@InBook{schuethe2020,
  author    = {Sch{\"u}the, Thorben and Petrak, Oleg and J{\"u}nemann, Klaus and Riemschneider, Karl-Ragmar},
  booktitle = {Automobil-Sensorik 3: Prinzipien, Technologien und Anwendungen},
  title     = {Positionserfassung mittels Sensor-Array aus Tunnel-Magnetoresistiven Vortex-Dots und lernender Signalverarbeitung},
  doi       = {10.1007/978-3-662-61260-6_14},
  editor    = {Tille, Thomas},
  isbn      = {978-3-662-61260-6},
  pages     = {373--396},
  publisher = {Springer Berlin Heidelberg},
  url       = {https://doi.org/10.1007/978-3-662-61260-6_14},
  address   = {Berlin, Heidelberg},
  file      = {:PDF/Schüthe2020_Chapter_PositionserfassungMittelsSenso.pdf:PDF},
  groups    = {Eigene Publikationen},
  keywords  = {ownpub},
  year      = {2020},
}

@Patent{pat_offshaft2020,
  author      = {P. {Schweizer} and C. {Kenney} and R. {Andrews}},
  date        = {2020},
  title       = {{Off-Axis Magnetic Angular Sensor Using a Magnetic Sensing Probe and Multipole Magnet Array}},
  note 		  = {\href{{https://depatisnet.dpma.de/DepatisNet/depatisnet?action=pdf&docid=US020200408856A1}}{Pat.apl. US020200408856A1}},
 % url         = ,
  file        = {:PDF/US020200408856A1_all_pages.pdf:PDF},
  groups      = {Patente},
  institution = {Honnywell International Inc., Morris Plains, NJ (US)},
}

@Article{wurft_vtxedge,
  author  = {T. {Wurft} and W. {Raberg} and K. {Prügl} and A. {Satz} and G. {Reiss} and H. {Brückl}},
  title   = {The Influence of Edge Inhomogeneities on Vortex Hysteresis Curves in Magnetic Tunnel Junctions},
  doi     = {10.1109/TMAG.2017.2715072},
  number  = {11},
  pages   = {1-5},
  volume  = {53},
  comment = {Vortex state: Hysteresefreier Bereich | Dimensionen des Free Layers. Lateral, Dicke und Magnetisierung CoFe und CoFeB},
  file    = {:PDF/wurftIEEE.pdf:PDF},
  groups  = {TMR Vortex},
  journal = {IEEE Transactions on Magnetics},
  year    = {2017},
}

@Article{tmr_entdecker,
  author  = {M. Julliere},
  title   = {Tunneling between ferromagnetic films},
  doi     = {https://doi.org/10.1016/0375-9601(75)90174-7},
  issn    = {0375-9601},
  number  = {3},
  pages   = {225 - 226},
  url     = {http://www.sciencedirect.com/science/article/pii/0375960175901747},
  volume  = {54},
  comment = {Entdeckung des TMR-Effektes},
  file    = {:PDF/jullier_75.pdf:PDF},
  groups  = {MR-Technologie},
  journal = {Physics Letters A},
  year    = {1975},
}

@Thesis{Diss_Wurft,
  author      = {T. Wurft},
  date        = {2018},
  institution = {Universität Bielefeld},
  title       = {Investigation of the Magnetic Vortex State for Spin-Valve Sensors}, 
  url         = {https://pub.uni-bielefeld.de/download/2931263/2931264/Dissertation_Wurft_Submission_2018-08-27.pdf:PDF},
  comment     = {DIessertation},
  file        = {:PDF/Dissertation_Wurft_Submission_2018-08-27.pdf:PDF},
  groups      = {TMR Vortex},
}

@Thesis{Diss_Pigeau,
  author      = {B. Pigeau},
  date        = {2018},
  institution = {Université Paris Sud},
  title       = {Magnetic vortex dynamics nanostructures},
  language    = {eng},
  url         = {https://tel.archives-ouvertes.fr/tel-00779597/document},
  urldate     = {2021-01-04},
  comment     = {Diessertation},
  file        = {:PDF/VD2_PIGEAU_BENJAMIN_17012013.pdf:PDF},
  groups      = {TMR Vortex},
}

@Article{arr_hallgmr,
  author  = {J. {Kim} and J. {Lee} and J. {Jun} and M. {Le} and C. {Cho}},
  title   = {Integration of Hall and Giant Magnetoresistive Sensor Arrays for Real-Time 2-D Visualization of Magnetic Field Vectors},
  doi     = {10.1109/TMAG.2012.2200662},
  number  = {11},
  pages   = {3708-3711},
  volume  = {48},
  comment = {Kombination aus einem Hall und GMR Array. Insgesamt 100 Sensoren / Pixel. Ausleserate sehr langsam! Lediglich 6 Bilder pro Sekunde. | 32x32 Hall : 0.78mm Auflösung | 10x10 GMR :2.34 mm Auflösung},
  file    = {:PDF/06332808.pdf:PDF},
  groups  = {Array-Strukturen},
  journal = {IEEE Transactions on Magnetics},
  year    = {2012},
}

@Article{Freitas_2007,
  author    = {Freitas, P. P. and Ferreira, R. and Cardoso, S. and Cardoso, F.},
  title     = {Magnetoresistive sensors},
  doi       = {10.1088/0953-8984/19/16/165221},
  number    = {16},
  pages     = {165221},
  url       = {https://doi.org/10.1088/0953-8984/19/16/165221},
  volume    = {19},
  comment   = {Bezug auf Leseköpfe / Festplatten. TMR-Betrachtung: Spin-Valve und Magnetic Tunnel Junction | Materialübersicht des Schichtenstapels / Stack von MTJ bzw Dots | Fig.7: Untersuchung von Bias-Field-Einfluss. Querfeld bewirkt ein Absenken der Sensitivität und Verringerung der Sättigung | Picotesla-Detektion. Im Bereich von hohen Frequenzen und bis DC-Feld.},
  file      = {:PDF/Freitas_2007_J._Phys.__Condens._Matter_19_165221.pdf:PDF},
  groups    = {MR-Technologie},
  journal   = {Journal of Physics: Condensed Matter},
  publisher = {{IOP} Publishing},
  year      = {2007},
}

@InProceedings{Brueckl2019,
  author       = {Hubert Brückl and Herbert Weitensfelder and Armin Satz and Klemens Pruegl and Sebastian Luber and Wolfgang Raberg and Juergen Zimmer and Dieter Suess},
  booktitle    = {Spintronics XII},
  title        = {{Magnetic vortex state applied in magnetoresistive sensors (Conference Presentation)}},
  doi          = {10.1117/12.2525294},
  editor       = {Henri-Jean M. Drouhin and Jean-Eric Wegrowe and Manijeh Razeghi},
  organization = {International Society for Optics and Photonics},
  publisher    = {SPIE},
  url          = {https://doi.org/10.1117/12.2525294},
  volume       = {11090},
  comment      = {Vortrag zu magnetischen Tunnelkontakten mit Vortex-Eigenschaften und linearem Bereich},
  file         = {VID/Magnetic vortex state applied in magnetoresistive sensors (Conference Presentation) - Mozilla Firefox 2021-12-06 13-35-03.mp4},
  groups       = {TMR Vortex},
  keywords     = {magnetic vortex state, giant magnetoresistance, tunnel magnetoresistance, sensor, noise},
  year         = {2019},
}

@Article{wurft_2019,
  author  = {Wurft, T. and Raberg, W. and Prügl, K. and Satz, A. and Reiss, G. and Brückl, H.},
  title   = {Evolution of magnetic vortex formation in micron-sized disks},
  doi     = {10.1063/1.5116299},
  eprint  = {https://doi.org/10.1063/1.5116299},
  number  = {13},  
  volume  = {115},
  file    = {:PDF/2019_Wurft_Evolutionofmagneticvortexformationinmicron-sizeddisks.pdf:PDF},
  groups  = {TMR Vortex},
  journal = {Applied Physics Letters},
  year    = {2019},
}

@Article{Guslienko_DreiPhasen_2001,
  author    = {Guslienko, K. Yu. and Novosad, V. and Otani, Y. and Shima, H. and Fukamichi, K.},
  title     = {Magnetization reversal due to vortex nucleation, displacement, and annihilation in submicron ferromagnetic dot arrays},
  doi       = {10.1103/PhysRevB.65.024414},
  issue     = {2},
  pages     = {024414},
  url       = {https://link.aps.org/doi/10.1103/PhysRevB.65.024414},
  volume    = {65},
  comment   = {Betrachtung für mehrere TMR-Dots in einem Compound. Array aus ferromagnetischen Dots. Berechnung der Hystereseschleife mittels Landau-Lifshitz-Gilbert (LLG)},
  file      = {:PDF/Magnetization_reversal_due_to_vortex_nucleation_di.pdf:PDF},
  groups    = {TMR Vortex, Hysterese+Modellbildung},
  journal   = {Phys. Rev. B},
  month     = {12},
  numpages  = {10},
  publisher = {American Physical Society},
  year      = {2001},
}

@InProceedings{petrescu_2015,
  author    = {L. {Petrescu} and E. {Cazacu} and C. {Petrescu}},
  booktitle = {2015 9th International Symposium on Advanced Topics in Electrical Engineering (ATEE)},
  title     = {Sigmoid functions used in hysteresis phenomenon modeling},
  doi       = {10.1109/ATEE.2015.7133863},
  pages     = {521-524},
  comment   = {Bildung von Sigmoid-Funktionen für als Hysteresemodell | Für meine Arbeit als Hauptschleife?},
  file      = {:PDF/SigmoidFunctionsUsedinHysteresisPhenomenonModeling.pdf:PDF},
  groups    = {Hysterese+Modellbildung},
  issn      = {2068-7966},
  keywords  = {eddy current losses;magnetic hysteresis;magnetic leakage;magnetic materials;sigmoid functions;hysteresis phenomenon modeling;magnetic materials;magnetic hysteresis;hysteresis losses;relative errors;loop area;Magnetic hysteresis;Mathematical model;Logistics;Soft magnetic materials;Analytical models;Hysteresis;magnetic hysteresis;sigmoid functions;hysteresis losses evaluation},
  month     = {5},
  year      = {2015},
}

@Article{preisach_1935,
  author    = {Preisach, Ferenc},
  title     = {{\"U}ber die magnetische Nachwirkung},
  number    = {5-6},
  pages     = {277--302},
  volume    = {94},
  file      = {:PDF/Preisach1935_Article_ÜberDieMagnetischeNachwirkung.pdf:PDF},
  groups    = {Hysterese+Modellbildung},
  journal   = {Zeitschrift f{\"u}r physik},
  publisher = {Springer},
  year      = {1935},
}

@Thesis{stud_airich,
  author   = {Viktor Airich},
  title    = {Charakterisierung magnetoresistiver Sensor-Arrays mittels eines automatisierten Messsystems Fakultät Technik},
  type     = {Bachelorthesis},
  url      = {https://reposit.haw-hamburg.de/handle/20.500.12738/8344},
  file     = {:PDF/BA_V_Airich.pdf:PDF},
  groups   = {Abschlussarbeiten},
  keywords = {students},
  school   = {HAW Hamburg},
  year     = {2018},
}

@Thesis{stud_lattmann,
  author   = {Thomas Lattmann},
  title    = {Chipimplementation einer zweidimensionalen Fouriertransformation für dieAuswertung eines Sensor-Arrays},
  type     = {Bachelorthesis},
  url      = {https://reposit.haw-hamburg.de/handle/20.500.12738/8363},
  file     = {:PDF/BA_T_Lattmann.pdf:PDF},
  groups   = {Abschlussarbeiten},
  keywords = {students},
  school   = {HAW Hamburg},
  year     = {2018},
}

@Article{Luong2018,
  author  = {V. S. {Luong} and Y. {Su} and C. {Lu} and J. {Jeng} and J. {Hsu} and M. {Liao} and J. {Wu} and M. {Lai} and C. {Chang}},
  title   = {Planarization, Fabrication, and Characterization of Three-Dimensional Magnetic Field Sensors},
  doi     = {10.1109/TNANO.2017.2660062},
  number  = {1},
  pages   = {11-25},
  volume  = {17},
  comment = {Kennlinien und Scharen, GMR-Effekt, Magnetometer, Flux-Gate Untersuchungen},
  file    = {:PDF/07835300.pdf:PDF},
  groups  = {Charakterisierung, MR-Technologie},
  journal = {IEEE Transactions on Nanotechnology},
  year    = {2018},
}

@Article{Weitensfelder2019,
  author  = {H. {Weitensfelder} and H. {Brueckl} and A. {Satz} and D. {Suess}},
  title   = {Temperature Dependence of Noise in Giant- and Tunneling Magnetoresistive Vortex Sensors},
  doi     = {10.1109/TMAG.2019.2893650},
  number  = {7},
  pages   = {1-5},
  volume  = {55},
  comment = {TMR- und GMR-Vortex,  Temp-Dep., Ein Vergleich, Frequenzabhängigkeit},
  file    = {:PDF/08673786.pdf:PDF},
  groups  = {MR-Technologie, Charakterisierung, TMR Vortex},
  journal = {IEEE Transactions on Magnetics},
  year    = {2019},
}

@Thesis{stud_Zippel,
  author = {S. {Zippel}},
  date   = {2012},
  title  = {Analyse des magnetischen Systems eines ABS-Sensors -- Feldsimulation, automatisierte Kennfeldmessung, Signalsynthese},
  type   = {Masterarbeit},
  url    = {https://reposit.haw-hamburg.de/handle/20.500.12738/5679},
  file   = {:PDF/MA_S_Zippel.pdf:PDF},
  groups = {Abschlussarbeiten},
  school = {HAW Hamburg},
}

@Thesis{stud_begic,
  author   = {Abraham Begic},
  title    = {Tunnel-Magnetoresistives Sensor-Array - Controllersteuerung, Platinen-Layout und Prüfstands-Erprobung},
  type     = {Bachelorthesis},
  url      = {https://reposit.haw-hamburg.de/handle/20.500.12738/8449},
  file     = {:PDF/BA_A_Begic.pdf:PDF},
  groups   = {Abschlussarbeiten},
  keywords = {students},
  school   = {HAW Hamburg},
  year     = {2018},
}

@Thesis{stud_pape,
  author   = {Hauke Pape},
  title    = {Simulation und Auswertung von Permanentmagneten für magnetoresistive Sensor-Arrays},
  type     = {Bachelorthesis},
  url      = {https://reposit.haw-hamburg.de/handle/20.500.12738/8138},
  file     = {:PDF/BA_H_Pape.pdf:PDF},
  groups   = {Abschlussarbeiten},
  keywords = {students},
  school   = {HAW Hamburg},
  year     = {2017},
}

@Thesis{stud_rindelaub,
  author   = {Simon Karl Eduard Rindelaub},
  title    = {Signalverarbeitung für magnetoresistive Sensor-Arrays mit Controller undEinplatinen-Computer},
  type     = {Bachelorthesis},
  url      = {https://reposit.haw-hamburg.de/handle/20.500.12738/8591},
  file     = {:PDF/BA_S_Rindelaub.pdf:PDF},
  groups   = {Abschlussarbeiten},
  keywords = {students},
  school   = {HAW Hamburg},
  year     = {2019},
}

@Thesis{stud_ernsting,
  author   = {Jacob Ernsting},
  title    = {Funktionsdemonstrator für magnetische Sensor-Arrays auf Basis des Mikrocomputers Raspberry PI},
  type     = {Bachelorthesis},
  file     = {:PDF/BA_J_Ernsting.pdf:PDF},
  groups   = {Abschlussarbeiten},
  keywords = {students},
  school   = {HAW Hamburg},
  year     = {2020},
}

@Thesis{stud_grejdieru,
  author   = {Sergiu Grejdieru},
  title    = {Halbach-Array zur Analyse statischer Störfelder bei magnetoresistiven Sensoren},
  type     = {Bachelorthesis},
  url      = {https://reposit.haw-hamburg.de/handle/20.500.12738/8492},
  file     = {:PDF/BA_S_Grejdieru.pdf:PDF},
  groups   = {Abschlussarbeiten},
  keywords = {students},
  school   = {HAW Hamburg},
  year     = {2018},
}

@Article{Yu_Sensors2018,
  author         = {Yu, Hao and Qian, Zheng and Liu, Huayi and Qu, Jiaqi},
  title          = {Circular Array of Magnetic Sensors for Current Measurement: Analysis for Error Caused by Position of Conductor},
  doi            = {10.3390/s18020578},
  issn           = {1424-8220}, 
  article-number = {578},
  comment        = {Circular TMR-Sensor-Array für die Strommessung},
  file           = {:PDF/sensors-18-00578.pdf:PDF},
  groups         = {Array-Strukturen},
  journal        = {MDPI Sensors},
  year           = {2018},
}

@Thesis{stud_Luzhanskij,
  author   = {Andrey Luzhanskij},
  title    = {VHDL-Implementierung der zweidimensionalen Fourier-Transformation und Ortsfrequenz-Filterung für magnetische Sensor-Arrays},
  type     = {Masterthesis},
  url      = {https://reposit.haw-hamburg.de/handle/20.500.12738/9283},
  file     = {:PDF/MA_A_Luzhanskij.pdf:PDF},
  groups   = {Abschlussarbeiten},
  keywords = {students},
  school   = {HAW Hamburg},
  year     = {2020},
}

@Thesis{Nording_2019,
  author = {Nording, Felix Maria},
  title  = {Messsystem zur Rauschanalyse von magnetoresistiven Sensoren},
  doi    = {10.24355/dbbs.084-201905080926-0},
  url    = {https://publikationsserver.tu-braunschweig.de/receive/dbbs_mods_00066576},
  day    = {08},
  file   = {:PDF/199668375.pdf:PDF},
  groups = {Charakterisierung},
  month  = {5},
  year   = {2019},
}

@Article{Siracusano2016,
  author    = {Siracusano, G. and Tomasello, R. and Giordano, A. and Puliafito, V. and Azzerboni, B. and Ozatay, O. and Carpentieri, M. and Finocchio, G.},
  title     = {Magnetic Radial Vortex Stabilization and Efficient Manipulation Driven by the Dzyaloshinskii-Moriya Interaction and Spin-Transfer Torque},
  doi       = {10.1103/PhysRevLett.117.087204},
  issue     = {8},
  pages     = {087204},
  url       = {https://link.aps.org/doi/10.1103/PhysRevLett.117.087204},
  volume    = {117},
  comment   = {Mikromagnetische Simulation des Vortex-Verhaltens, Schaltvorgang wird hier im Detail betrachtet. Zusätzlich steuerbar durch einen Strom. Einsatzbereich ist hier wohl eher ein MRAM.},
  file      = {:PDF/1602.00153.pdf:PDF},
  groups    = {TMR Vortex},
  journal   = {Phys. Rev. Lett.},
  month     = {8},
  numpages  = {6},
  publisher = {American Physical Society},
  year      = {2016},
}

@Article{Kim2020,
  author         = {Kim, Min-Cheol and Kim, Eui-Sun and Park, Jong-Oh and Choi, Eunpyo and Kim, Chang-Sei},
  title          = {Robotic Localization Based on Planar Cable Robot and Hall Sensor Array Applied to Magnetic Capsule Endoscope},
  doi            = {10.3390/s20205728},
  issn           = {1424-8220},
  number         = {20},
  url            = {https://www.mdpi.com/1424-8220/20/20/5728},
  volume         = {20},
  article-number = {5728},
  comment        = {Tracking of a permanent Magnet with a hall array of 5x5 elements, 3D-Hall Sensors, Linear System},
  file           = {:PDF/sensors-20-05728.pdf:PDF},
  groups         = {Array-Strukturen},
  journal        = {Sensors},
  year           = {2020},
}

@Article{Lim2004,
  author   = {Lim, Woo Chang and Park, Byong Guk and Bae, Ji Young and Lee, Taek Dong},
  title    = {Effects of free layer materials and thickness on TMR behaviour in magnetic tunnel junctions},
  doi      = {https://doi.org/10.1002/pssa.200304664},
  number   = {8},
  pages    = {1696-1699},
  url      = {https://onlinelibrary.wiley.com/doi/abs/10.1002/pssa.200304664},
  volume   = {201},
  comment  = {MTJ Materialien für die freie Schicht; Einfluss auf das TMR-Verhalten, Zusammensetzung eines MTJ Ta(5 nm)/NiFe(8 nm)/IrMn(20 nm)/CoFe(4 nm)/AlOx/FM(x nm)/Ta(15 nm) - (FM:NiFe,CoFe,CoFe/NiFe)},
  file     = {:PDF/pssa.200304664.pdf:PDF},
  groups   = {MR-Technologie},
  journal  = {physica status solidi (a)},
  keywords = {85.70.Kh, 85.75.Dd},
  year     = {2004},
}

@Article{Wecker2002,
  author   = {Wecker, Joachim and Kinder, Ralf and Richter, Ralf},
  title    = {Sandwiches mit riesigem Magnetwiderstand: Magnetoelektronische Bauelemente},
  number   = {5},
  pages    = {210-216},
  url      = {https://onlinelibrary.wiley.com/doi/abs/10.1002/1521-3943%28200209%2933%3A5%3C210%3A%3AAID-PIUZ210%3E3.0.CO%3B2-C},
  volume   = {33},
  comment  = {Gute Beschriebung von Spin-Transport, Schichtdicken},
  file     = {:PDF/wecker2002.pdf:PDF},
  groups   = {MR-Technologie},
  journal  = {Physik in unserer Zeit},
  keywords = {Riesenmagnetwiderstand, Giant Magnetic Resistance, GMR, Tunnelmagnetwiderstand, Tunnel Magnetoresistance, TMR, Magnetoelektronik, Spin-Ventil, Spin Valve, Sensortechnik, Speicherchip},
  year     = {2002},
}

@Article{Schuhl2005,
  author   = {Alain Schuhl and Daniel Lacour},
  title    = {Spin dependent transport: GMR \& TMR},
  doi      = {https://doi.org/10.1016/j.crhy.2005.10.010},
  issn     = {1631-0705},
  note     = {Spintronics},
  number   = {9},
  pages    = {945-955},
  url      = {https://www.sciencedirect.com/science/article/pii/S1631070505001647},
  volume   = {6},
  comment  = {Beschreibung des Spin-Effekts im Bezug auf den GMR und TMR-Sensor, unter anderem auch die Widerstandskennlinie dR/R, Materialzusammensetzung von den einzelnen Schichten},
  file     = {:PDF/05CRASGMRTMR.pdf:PDF},
  groups   = {MR-Technologie},
  journal  = {Comptes Rendus Physique},
  keywords = {Magnetoresistance, Spin dependent transport, GMR, TMR, Magnétorésistance, Transport dépendant du spin},
  year     = {2005},
}

@Article{isar2016,
  author = {Marcus Prochaska and Karl-Ragmar Riemschneider and Hartmut Matz},
  date   = {2016},
  title  = {Projektskizze -- Signalverarbeitung für Integrated Sensor-Arrays basierend auf dem Tunnel-Magnetoresistiven Effekt für den Einsatz in der Automobilelektronik},
  file   = {:PDF/Vorhabensbeschreibung_ISAR.pdf:PDF},
}

@Patent{pt_vortex2015,
  author      = {{J. Zimmer, A. Satz, W. Raberg, H. Brückl, D. Süss}},
  date        = {2015},
  title       = {{Device, magnetic sensor device and method}},
  note 		  = {\href{{https://depatisnet.dpma.de/DepatisNet/depatisnet?action=pdf&firstdoc=0&docid=US020150185297A1}}{Pat.apl. US020150185297A1}},
  comment     = {Aufzeigung von zwei Arbeitsbereichen im TMR-Vortex. (S. 13, Bild 2) | Zusätzlich noch die Vortex-Struktur im Dot/Stack. Weiterhin Verhalten mit Flusskonzentration.  | Gegenüberstellung mit und ohne Flusskonzentration.},
  file        = {:PDF/US020150185297A1_all_pages.pdf:PDF},
  groups      = {Patente,TMR Vortex},
  institution = {Infineon Technologies AG Germany},
}

@Article{Jin2020,
  author         = {Jin, Zhenhu and Wang, Yupeng and Fujiwara, Kosuke and Oogane, Mikihiko and Ando, Yasuo},
  title          = {Detection of Small Magnetic Fields Using Serial Magnetic Tunnel Junctions with Various Geometrical Characteristics},
  doi            = {10.3390/s20195704},
  issn           = {1424-8220},
  number         = {19},
  url            = {https://www.mdpi.com/1424-8220/20/19/5704},
  volume         = {20},
  article-number = {5704},
  comment        = {Beschreibung eines Schichtenstapels, Anordnung innerhalb eines Sensors, Dots als Reihenschaltung in unterschiedlicher Ausrichtung},
  file           = {:PDF/sensors-20-05704.pdf:PDF},
  groups         = {MR-Technologie, TMR Vortex},
  journal        = {Sensors},
  year           = {2020},
}

@Article{Liu2019,
  author  = {X. {Liu} and C. {Liu} and W. {Han} and P. W. T. {Pong}},
  title   = {Design and Implementation of a Multi-Purpose TMR Sensor Matrix for Wireless Electric Vehicle Charging},
  doi     = {10.1109/JSEN.2018.2883708},
  number  = {5},
  pages   = {1683-1692},
  volume  = {19},
  file    = {:PDF/08550774.pdf:PDF},
  groups  = {Array-Strukturen},
  journal = {IEEE Sensors Journal},
  year    = {2019},
}

@Misc{Lawrence2013,
  author = {Neil D. Lawrence},
  title  = {Multioutput Gaussian Processes},
  url    = {http://gpss.cc/gpss13/assets/Sheffield-GPSS2013-Lawrence2.pdf:PDF},
  file   = {:PDF/Sheffield-GPSS2013-Lawrence2.pdf:PDF},
  groups = {Signalverarbeitung},
  year   = {2013},
}

@Misc{Lawrence2015,
  author = {Neil D. Lawrence},
  date   = {2015},
  title  = {Gaussian Processes},
  url    = {http://gpss.cc/gprs15b/assets/session1.pdf:PDF},
  file   = {:PDF/Gauss-session1.pdf:PDF},
  groups = {Signalverarbeitung},
}

@Article{Guslienko_Feldverteilung_2001,
  author  = {Guslienko, K. Yu. and Novosad, V. and Otani, Y. and Shima, H. and Fukamichi, K.},
  title   = {Field evolution of magnetic vortex state in ferromagnetic disks},
  doi     = {10.1063/1.1377850},
  eprint  = {https://doi.org/10.1063/1.1377850},
  number  = {24},
  pages   = {3848-3850},
  url     = {https://doi.org/10.1063/1.1377850},
  volume  = {78},
  file    = {:PDF/Field_evolution_of_magnetic_vortex_state_in_ferrom.pdf:PDF},
  groups  = {Hysterese+Modellbildung},
  journal = {Applied Physics Letters},
  year    = {2001},
}

@Patent{patent3Dsensor2014,
  author      = {O. {Ueberschär} and R. {Ecke} and S. {Schulz} and P. {Matthes} and M. {Albrecht}},
  date        = {2015},
  title       = {{3D Magnetfeldsensor und Verfahren zu deren Herstellung}},
  note 		  = {\href{{https://depatisnet.dpma.de/DepatisNet/depatisnet?action=bibdat&docid=DE102014202770A1}}{Pat.apl. DE102014202770A1}}, 
  comment     = {Patent für 3D-TMR-Sensoren},
  file        = {:PDF/DE102014202770A1_all_pages.pdf:PDF},
  groups      = {Patente, Array-Strukturen},
  institution = {Fraunhofer-Gesellschaft zur Förderung der angewandten Forschung e.V., 80686, München, DE},
}

@Thesis{stud_mehm,
  author   = {Thorbjörn Mehm},
  title    = {Schaltungsentwurf und Mikrocontrollersteuerung für ein Tunnel-Mag\-neto\-re\-sis\-ti\-ves Sensor-Array},
  type     = {Bachelorthesis},
  url      = {https://reposit.haw-hamburg.de/handle/20.500.12738/8802},
  file     = {:PDF/BA_Thorbjoern_Mehm.pdf:PDF},
  groups   = {Abschlussarbeiten},
  keywords = {students},
  school   = {HAW Hamburg},
  year     = {2019},
}

@Online{allAboutMagnets,
  author  = {EMa},
  date    = {2021-04-29},
  title   = {The EUROPEAN MAGNETISM ASSOCIATION},
  url     = {http://magnetism.eu/},
  urldate = {2021-04-29},
  groups  = {MR-Technologie, Magnetismus},
}

@Misc{vila2015,
  author       = {Laurent Vila},
  title        = {Material elaboration and nanofabricationtechniques for spintronics},
  url          = {http://magnetism.eu/esm/2015/slides/vila-slides2.pdf:PDF},
  urldate      = {2021-04-30},
  file         = {:PDF/vila-slides2.pdf:PDF},
  groups       = {Hysterese+Modellbildung},
  journaltitle = {2015 European School on Magnetism},
}

@Book{tarantola2005inverse,
  author    = {Tarantola, A.},
  title     = {Inverse Problem Theory and Methods for Model Parameter Estimation},
  isbn      = {9780898715729},
  doi       = {10.1137/1.9780898717921},
  publisher = {Society for Industrial and Applied Mathematics},
  series    = {Other titles in applied mathematics},
  file      = {:PDF/InverseProblemTheory.pdf:PDF},
  groups    = {Inverse Probleme},
  lccn      = {20045903},
  year      = {2005},
}

@Article{cao2015,
  author   = {Yue Cao and Ke Xu and Weilin Jiang and Timothy Droubay and Pradeep Ramuhalli and Danny Edwards and Bradley R. Johnson and John McCloy},
  title    = {Hysteresis in single and polycrystalline iron thin films: Major and minor loops, first order reversal curves, and Preisach modeling},
  doi      = {https://doi.org/10.1016/j.jmmm.2015.06.072},
  issn     = {0304-8853},
  pages    = {361-375},
  url      = {https://www.sciencedirect.com/science/article/pii/S0304885315302882},
  volume   = {395},
  comment  = {Hystereseschleifen in dünnen schichten aus Eisen 

Modellierung mittels Preisach

Abbildung 7.A

First orderreversalcurve(FORC).},
  file     = {:PDF/82760352.pdf:PDF},
  groups   = {Hysterese+Modellbildung},
  journal  = {Journal of Magnetism and Magnetic Materials},
  keywords = {Minor loop, Major loop, FORC, Preisach modeling, Iron thin film, Molecular beam epitaxy},
  year     = {2015},
}

@Book{tietze1989,
  author    = {Tietze, U. and Schenk, Ch.},
  date      = {1989},
  title     = {Halbleiter-Schaltungstechnik, Neunte, neu bearbeitete und erweiterte Auflage},
  isbn      = {978-3-662-11942-6},
  publisher = {Springer-Verlag Berlin Heidelberg GmbH},
  file      = {:PDF/Tietze_Halbleiter-Schaltungstechnik_9783662119419.pdf:PDF},
  groups    = {Schaltungstechnik},
}

@Article{Musuroi2021,
  author         = {Mușuroi, Cristian and Oproiu, Mihai and Volmer, Marius and Neamtu, Jenica and Avram, Marioara and Helerea, Elena},
  title          = {Low Field Optimization of a Non-Contacting High-Sensitivity GMR-Based DC/AC Current Sensor},
  doi            = {10.3390/s21072564},
  issn           = {1424-8220},
  number         = {7},
  url            = {https://www.mdpi.com/1424-8220/21/7/2564},
  volume         = {21},
  article-number = {2564},
  comment        = {Sensor: GMR 
PCB mit Mäandern unterhalb des GMR-Sensors},
  file           = {:PDF/sensors-21-02564.pdf:PDF},
  groups         = {Remanenz-Reduktion-Anregung},
  journal        = {Sensors},
  pubmedid       = {33917498},
  year           = {2021},
}

@InProceedings{Johar2011,
  author    = {Johar, Muhammad Akmal and Freier, Robert and Koenig, Andreas},
  booktitle = {2011 Proceedings of the Ninth International Workshop on Intelligent Solutions in Embedded Systems},
  title     = {Adding self-x capabilities to AMR sensors as a first step towards dependable embedded systems},
  pages     = {41-46},
  comment   = {AMR Sensor mit Flipping Coil und Compensation Coil 
Implizierter Temperatursensor
Sensitec AFF755B AMR Sensor 

Saturated Sensor can be repaired with a magnetic field from flipping coil
200mA für eine Sekunde},
  file      = {:PDF/Adding_self-x_capabilities_to_AMR_sensors_as_a_first_step_towards_dependable_embedded_systems.pdf:PDF},
  groups    = {Remanenz-Reduktion-Anregung},
  year      = {2011},
}

@Article{Hadjigeorgiou2020,
  author  = {Hadjigeorgiou, Neoclis G. and Sotiriadis, Paul P.},
  title   = {Parasitic Capacitances, Inductive Coupling, and High-Frequency Behavior of AMR Sensors},
  doi     = {10.1109/JSEN.2019.2953351},
  number  = {5},
  pages   = {2339-2347},
  volume  = {20},
  comment = {Set und Reset Coil innerhalb des AMR-Sensors},
  file    = {:PDF/Parasitic_Capacitances_Inductive_Coupling_and_High-Frequency_Behavior_of_AMR_Sensors.pdf:PDF},
  groups  = {Remanenz-Reduktion-Anregung},
  journal = {IEEE Sensors Journal},
  year    = {2020},
}

@Online{femm,
  author  = {David Meeker},
  date    = {2021-09-27},
  title   = {Finite Element Method Magnetics - femm 4.2},
  url     = {https://www.femm.info},
  urldate = {2021-09-27},
  groups  = {Software},
}

@InProceedings{Rohrmann,
  author    = {Rohrmann, Kris and Sandner, Marvin and Meier, Phil and Prochaska, Marcus},
  booktitle = {2018 IEEE International Symposium on Circuits and Systems (ISCAS)},
  title     = {A novel readout technique for magnetoresistive sensors in automotive anti-lock braking systems},
  doi       = {10.1109/ISCAS.2018.8351583},
  pages     = {1-5},
  file      = {:PDF/A_novel_readout_technique_for_magnetoresistive_sensors_in_automotive_anti-lock_braking_systems.pdf:PDF},
  groups    = {Remanenz-Reduktion-Anregung},
  year      = {2018},
}

@InProceedings{Meier_2019,
  author    = {Meier, Phil and Rohrmann, Kris and Sandner, Marvin and Prochaska, Marcus},
  booktitle = {IEEE 1st Global Conference on Life Sciences and Technologies (LifeTech)},
  title     = {Application of magnetic field sensors for hand gesture recognition with neural networks},
  doi       = {10.1109/LifeTech.2019.8884006},
  pages     = {200-203},
  file      = {:PDF/Application_of_magnetic_field_sensors_for_hand_gesture_recognition_with_neural_networks.pdf:PDF},
  groups    = {Signalverarbeitung},
  year      = {2019},
}

@InProceedings{Meier_2019_2,
  author    = {Meier, Phil and Rohrmann, Kris and Sandner, Marvin and Prochaska, Marcus},
  booktitle = {IEEE Sensors Applications Symposium (SAS)},
  title     = {Analysis of output signals of angular position sensors for the use of neural networks},
  doi       = {10.1109/SAS.2019.8706010},
  pages     = {1-6},
  file      = {:PDF/Analysis_of_output_signals_of_angular_position_sensors_for_the_use_of_neural_networks.pdf:PDF},
  groups    = {Signalverarbeitung},
  year      = {2019},
}

@InProceedings{Meier_2019_3,
  author    = {Meier, Phil and Rohrmann, Kris and Sandner, Marvin and Streitenberger, Martin and Prochaska, Marcus},
  booktitle = {IEEE International Instrumentation and Measurement Technology Conference (I2MTC)},
  title     = {Convolutional neural networks for robust angular measurement with xMR sensor arrays},
  doi       = {10.1109/I2MTC.2019.8827051},
  pages     = {1-6},
  file      = {:PDF/Convolutional_neural_networks_for_robust_angular_measurement_with_xMR_sensor_arrays.pdf:PDF},
  groups    = {Signalverarbeitung},
  year      = {2019},
}

@Thesis{stud_Lanz,
  author   = {Finn Lanz},
  title    = {Suchverfahren zur Positionserfassung eines Permanentmagneten mittels Sensor-Array},
  type     = {Bachelorthesis},
  file     = {:PDF/BA_Lanz_Finn.pdf:PDF},
  groups   = {Abschlussarbeiten},
  keywords = {students},
  school   = {HAW Hamburg},
  year     = {2021},
}

@Thesis{stud_Wulf,
  author   = {Tobias Wulf},
  date     = {2021},
  title    = {Winkelmessung durch magnetische Sensor-Arrays und Toleranzkompensation mittels Gauß-Prozess},
  type     = {Bachelorthesis},
  file     = {:PDF/BA_T_WULF_2021_06.pdf:PDF},
  groups   = {Abschlussarbeiten},
  keywords = {students},
  school   = {HAW Hamburg},
}

@Thesis{rasmussen_2006,
  author    = {Rasmussen, C. E. and Williams, C. K. I.},
  note 		  = {Massachusetts Institute of Technology, 2006.},
  title     = {\href{{http://gaussianprocess.org/gpml/}}{Gaussian Processes for Machine Learning}},
  isbn      = {026218253X},
  publisher = {Massachusetts Institute of Technology},
  url       = {www.GaussianProcess.org/gpml},
  file      = {:PDF/RW.pdf:PDF},
  groups    = {Signalverarbeitung},
}

@InBook{Urban2014,
  author    = {Gerald Urban},
  booktitle = {Sensortechnik},
  date      = {2014},
  title     = {Physikalische Sensoreffekte},
  doi       = {10.1007/978-3-642-29942-1_3},
  pages     = {55--103},
  publisher = {Springer Berlin Heidelberg},
  file      = {:PDF/Urban2014_Chapter_PhysikalischeSensoreffekte.pdf:PDF},
  groups    = {MR-Technologie},
  year      = {2014},
}

@Online{iis_hall2019,
  author = {{Fraunhofer-Institut für integrierte Schaltungen IIS}},
  date   = {2019},
  title  = {HallinSight},
  url    = {http://www.iis.fraunhofer.de/de/ff/sse/sensor-solutions/hallinsight.html},
  file   = {:PDF/HallinSight_im_industriellen_Einsatz_QZ 201809.pdf:PDF},
  groups = {Array-Strukturen},
}

@InProceedings{Cichon2016,
  author    = {Cichon, Daniel and Psiuk, Rafael},
  booktitle = {2016 6th International Electric Drives Production Conference (EDPC)},
  title     = {Model-based characterization of permanent magnets with a 3D Hall-Sensor array},
  doi       = {10.1109/EDPC.2016.7851340},
  pages     = {238-243},
  file      = {:PDF/Model-based_characterization_of_permanent_magnets_with_a_3D_Hall-Sensor_array.pdf:PDF},
  groups    = {Array-Strukturen},
  year      = {2016},
}

@InProceedings{Vervaeke2011,
  author    = {Vervaeke, K.},
  booktitle = {2011 1st International Electric Drives Production Conference},
  title     = {Inline magnet inspection using fast high resolution MagCam magnetic field mapping and analysis},
  doi       = {10.1109/EDPC.2011.6085537},
  pages     = {172-180},
  comment   = {Magnetische Kamera mit 128x128 Pixeln},
  file      = {:PDF/Inline_magnet_inspection_using_fast_high_resolution_MagCam_magnetic_field_mapping_and_analysis.pdf:PDF},
  groups    = {Array-Strukturen},
  year      = {2011},
}

@Thesis{stud_koundoul,
  author   = {Ada Koundoul},
  title    = {Signalverarbeitung für ein magnetisches Sensor-Array als digitaler Chipentwurf},
  type     = {Masterthesis},
  url      = {https://reposit.haw-hamburg.de/handle/20.500.12738/8577},
  file     = {:PDF/ada_koundoul.pdf:PDF},
  groups   = {Abschlussarbeiten},
  keywords = {students},
  school   = {HAW Hamburg},
  year     = {2019},
}

@Thesis{stud_willimczik,
  author   = {Martin Willimczik},
  title    = {Hardware Implementierung zur Ortsfrequenzberechnung für Sensorarrays},
  type     = {Bachelorthesis},
  url      = {https://reposit.haw-hamburg.de/handle/20.500.12738/8787},
  file     = {:PDF/BA_Willimczik.pdf:PDF},
  groups   = {Abschlussarbeiten},
  keywords = {students},
  school   = {HAW Hamburg},
  year     = {2019},
}

@Thesis{stud_Herbstmeier,
  author   = {Moritz Herbstmeier},
  date     = {2021},
  title    = {Magnetisches Sensor-Array zur Winkelerfassung an einer Welle – FEM-Simulation, Dimensionierung und Signalverarbeitung –},
  type     = {Bachelorthesis},
  file     = {:PDF/BA_Herbstmeier.pdf:PDF},
  groups   = {Abschlussarbeiten},
  keywords = {students},
  school   = {HAW Hamburg},
}

@PhdThesis{Cichon_2020,
  author = {Cichon, Daniel},
  title  = {Robuste Lokalisierung magnetischer Quellen mithilfe integrierter 3D-Hall-Sensor-Anordnungen},
  url    = {https://www.db-thueringen.de/receive/dbt_mods_00047351},
  file   = {:PDF/ilm1-2020000502.pdf:PDF},
  groups = {Array-Strukturen, Inverse Probleme}, 
  place  = {Ilmenau},
  year   = {2020},
}

@Article{Nara_2006,
  author  = {Nara, T. and Suzuki, S. and Ando, S.},
  title   = {A Closed-Form Formula for Magnetic Dipole Localization by Measurement of Its Magnetic Field and Spatial Gradients},
  doi     = {10.1109/TMAG.2006.879151},
  number  = {10},
  pages   = {3291-3293},
  volume  = {42},
  comment = {Lokalisierung von Magneten über Gradientensensor

Spulensystem in 3 Achsen},
  file    = {:PDF/Nara_IEEEMAG06_closed.pdf:PDF},
  groups  = {Inverse Probleme},
  journal = {IEEE Transactions on Magnetics},
  year    = {2006},
}

@Article{Higuchi_2016,
  author  = {Higuchi, Yusuke and Nara, Takaaki and Ando, Shigeru},
  title   = {Complete Set of Partial Differential Equations for Direct Localization of a Magnetic Dipole},
  doi     = {10.1109/TMAG.2015.2512536},
  number  = {5},
  pages   = {1-10},
  volume  = {52},
  file    = {:PDF/Complete_Set_of_Partial_Differential_Equations_for_Direct_Localization_of_a_Magnetic_Dipole.pdf:PDF},
  groups  = {Inverse Probleme},
  journal = {IEEE Transactions on Magnetics},
  year    = {2016},
}

@Article{Laundal2016,
  author    = {K. M. Laundal and A. D. Richmond},
  date      = {2016-07},
  title     = {Magnetic Coordinate Systems},
  doi       = {10.1007/s11214-016-0275-y},
  number    = {1-4},
  pages     = {27--59},
  volume    = {206},
  file      = {:PDF/Laundal-Richmond2017_Article_MagneticCoordinateSystems.pdf:PDF},
  groups    = {Magnetismus},
  publisher = {Springer Science and Business Media {LLC}},
}

@Article{Xie2015,
  author  = {Xie, Fei and Weiss, Roland and Weigel, Robert},
  title   = {Hysteresis Compensation Based on Controlled Current Pulses for Magnetoresistive Sensors},
  doi     = {10.1109/TIE.2015.2458958},
  number  = {12},
  pages   = {7804-7809},
  volume  = {62},
  file    = {:PDF/Hysteresis_Compensation_Based_on_Controlled_Current_Pulses_for_Magnetoresistive_Sensors.pdf:PDF},
  groups  = {Remanenz-Reduktion-Anregung},
  journal = {IEEE Transactions on Industrial Electronics},
  year    = {2015},
}

@Article{Hsiao_2019,
  author       = {Heng-Sheng Hsiao and Li-Qing Chen and Cheng-Kuo Sung and Jen-Yuan Chang},
  date         = {2019-05},
  journaltitle = {Microsystem Technologies},
  title        = {Characteristics of magnetic sensor with assembly errors in a rotary recording system},
  doi          = {10.1007/s00542-019-04449-5},
  number       = {1},
  pages        = {89--94},
  volume       = {26},
  comment      = {Kennlinienschar 

Mechanische Charakterisierung},
  file         = {:PDF/Hsiao2020_Article_CharacteristicsOfMagneticSenso.pdf:PDF},
  groups       = {Charakterisierung},
  publisher    = {Springer Science and Business Media {LLC}},
}

@Patent{pt_suess2016,
  author      = {{D. Süss, H- Brückl, K. Prügel, A. Satz, W. Raberg}},
  date        = {2016},
  title       = {{Magnetsensorbauelement und Magneterfassungsverfahren}},
  note 		  = {\href{{https://depatisnet.dpma.de/DepatisNet/depatisnet?action=bibdat&docid=DE102016112008A1}}{Pat.apl. DE102016112008A1}},
  comment     = {Aufbau eines TMR-Sensors mit vortex-Technologie. Array aus mehreren Dots auf 800 x 50 micrometern
                 Aussage zum static disturbance field Fig. 21
                 magnetization direction},
  file        = {:PDF/DE102016112008A1_all_pages.pdf:PDF},
  groups      = {Patente, TMR Vortex, Charakterisierung},
  institution = {Infineon Technologies AG Germany},
}

@Article{Becker_2019,
  author  = {Christian Becker and Daniil Karnaushenko and Tong Kang and Dmitriy D. Karnaushenko and Maryam Faghih and Alaleh Mirhajivarzaneh and Oliver G. Schmidt},
  title   = {Self-assembly of highly sensitive 3D magnetic field vector angular encoders},
  doi     = {10.1126/sciadv.aay7459},
  number  = {12},
  pages   = {eaay7459},
  url     = {https://www.science.org/doi/abs/10.1126/sciadv.aay7459},
  volume  = {5},
  file    = {:PDF/Self-assembly_of_highly_sensitive_3D_magnetic_fiel.pdf:PDF},
  groups  = {Charakterisierung},
  journal = {Science Advances},
  year    = {2019},
}

@Article{Freitas2016,
  author  = {Freitas, Paulo P. and Ferreira, Ricardo and Cardoso, Susana},
  title   = {Spintronic Sensors},
  doi     = {10.1109/JPROC.2016.2578303},
  number  = {10},
  pages   = {1894-1918},
  volume  = {104},
  comment = {Übersicht zu TMR Sensoren, interner Aufbau größe von mehreren MTJ in reihe

Bimedical: 1) Rigid Probes 2) Flexible Probes

Nondistructive Testing + Array aus Acht Sensoren

Strommessung. Dafuer mehrere MTJ in Reihe (360)},
  file    = {:PDF/Spintronic_Sensors.pdf:PDF},
  groups  = {MR-Technologie, TMR Vortex},
  journal = {Proceedings of the IEEE},
  year    = {2016},
}

@Article{Cardoso2012,
  author  = {Cardoso, F. A. and Costa, T. and Germano, J. and Cardoso, S. and Borme, J. and Gaspar, J. and Fernandes, J. R. and Piedade, M. S. and Freitas, P. P.},
  title   = {Integration of Magnetoresistive Biochips on a CMOS Circuit},
  doi     = {10.1109/TMAG.2012.2198449},
  number  = {11},
  pages   = {3784-3787},
  volume  = {48},
  comment = {Integrated 4x4 spin valve matrix on a chip},
  file    = {:PDF/Integration_of_Magnetoresistive_Biochips_on_a_CMOS_Circuit.pdf:PDF},
  groups  = {Array-Strukturen},
  journal = {IEEE Transactions on Magnetics},
  year    = {2012},
}

@Patent{pat_Encoderformen,
  author      = {N. {Jerance} and R. {Arlot}},
  date        = {2008},
  title       = {{Positionssensor mit veränderlicher Magnetisierungsrichtung und Produktionsverfahren}},
  note 		  = {\href{{https://depatisnet.dpma.de/DepatisNet/depatisnet?action=pdf&docid=EP000001989505B1}}{Patent EP1989505B1}}, 
  file        = {:PDF/EP000001989505B1_all_pages.pdf:PDF},
  groups      = {Patente},
  institution = {Moving Magnet Technologies M.M.T.},
}

@Article{Dupre_2020,
  author  = {Dupr{\'e}, Nicolas and Bidaux, Yves and Dubrulle, Olivier and Close, Gael F.},
  title   = {A Stray-Field-Immune Magnetic Displacement Sensor With {1\%} Accuracy},
  doi     = {10.1109/JSEN.2020.2998289},
  number  = {19},
  pages   = {11405-11411},
  volume  = {20},
  comment = {Feldkonzentration im Sensor: Immun gegen Störfelder bis 5mT , 4kAm: Hall Sensor},
  file    = {:PDF/A_Stray-Field-Immune_Magnetic_Displacement_Sensor_With_1_Accuracy.pdf:PDF},
  groups  = {Signalverarbeitung},
  journal = {IEEE Sensors Journal},
  year    = {2020},
}

@Article{Huber_2018,
  author  = {Samuel Huber and Jan-Willem Burssens and Nicolas Dupr{\'e} and Olivier Dubrulle and Yves Bidaux and Gael F. Close and Ch Schott},
  title   = {A Gradiometric Magnetic Sensor System for Stray-Field-Immune Rotary Position Sensing in Harsh Environment},
  comment = {Hall Sensor mit Flusskonzentrator: Einsatz eines Multipols, Quadrupol, Gradiometerprinzip},
  file    = {:PDF/f20cba43023429f6b8e7e553033b0f1db488.pdf:PDF},
  groups  = {Signalverarbeitung},
  journal = {Proceedings},
  year    = {2018},
}

@Article{Camacho2013,
  author  = {Jose Manuel Rivera Camacho and Sosa},
  title   = {Alternative method to calculate the magnetic field of permanent magnets with azimuthal symmetry},
  pages   = {8-17},
  volume  = {59},
  file    = {:PDF/v59n1a2.pdf:PDF},
  groups  = {Magnetismus},
  journal = {Revista Mexicana De Fisica E},
  year    = {2013},
}

@InProceedings{Chen_2020,
  author    = {Chen, F.-M. and Wang, I.-J. and Wang, D.-Y. and Yang, S.-Y. and Hsin, Y.-C. and Chang, Y.-J. and Lee, H.-H. and Chen, G.-L. and Kuo, Y.-C. and Su, Y.-H. and Rahaman, Z. and Wei, J.-H. and Li, S.-H. and Sheu, S.-S. and Lo, W.-C. and Chang, S.-C. and Wu, C.-I.},
  booktitle = {2020 International Symposium on VLSI Technology, Systems and Applications (VLSI-TSA)},
  title     = {Fabrication and device characterization of large linear dynamic range tunnel magnetoresistance (TMR) sensors for system applications},
  doi       = {10.1109/VLSI-TSA48913.2020.9203712},
  pages     = {104-105},
  file      = {:PDF/Fabrication_and_device_characterization_of_large_linear_dynamic_range_tunnel_magnetoresistance_TMR_sensors_for_system_applications.pdf:PDF},
  groups    = {Charakterisierung},
  year      = {2020},
}

@InProceedings{sensitec_ProTmr,
  author    = {{J. Paul, C. Schnieders, J. Traute, R. Lehndorff, A. Conca, B. Leven, B. Hillebrands, F. Casper, G. Jakob, M. Kläui}},
  booktitle = {{SENSOR}},
  date      = {2015},
  title     = {{B3.2 - Sensors Based on Tunnel Magnetoresistance - New Technology, New Opportunities}},
  doi       = {10.5162/sensor2015/b3.2}, 
  publisher = {{AMA} Service},
  file      = {:PDF/B3.2-SENSOR2015.pdf:PDF},
  groups    = {TMR Vortex},
}

@Article{Lee2021,
  author         = {Lee, Chia-Chang and Yen, Yu-Shen and Lai, Chih-Huang},
  title          = {Alignment-Free Sensing Module for Absolute and Incremental Lines in Linear Positioning System Based on Tunneling-Magnetoresistance Sensors},
  doi            = {10.3390/s21124137},
  issn           = {1424-8220},
  number         = {12},
  url            = {https://www.mdpi.com/1424-8220/21/12/4137},
  volume         = {21},
  article-number = {4137},
  file           = {:PDF/sensors-21-04137.pdf:PDF},
  groups         = {Anwendungen, Array-Strukturen},
  journal        = {Sensors},
  pubmedid       = {34208671},
  year           = {2021},
}

@Article{Voss_2016,
  author    = {A. Voss and A. Bartos},
  date      = {2016},
  title     = {Scalable linear magneto resistive sensor arrays},
  doi       = {10.5162/sensoren2016/3.3.2},
  booktitle = {Tagungsband},
  file      = {:PDF/18.-GMA-ITG-Fachtagung-Sensoren-und-Messsysteme-2016-3.3.2-Sensoren2016-1.pdf:PDF},
  groups    = {Array-Strukturen},
  publisher = {{AMA} Service {GmbH}, Von-Münchhausen-Str. 49, 31515 Wunstorf, Germany},
}

@InProceedings{Sun2014,
  author    = {Sun, Zhenglong and Foong, Shaohui and Maréchal, Luc and Teo, T.-H. and Tan, U.-X. and Shabbir, Asim},
  booktitle = {2014 IEEE/ASME International Conference on Advanced Intelligent Mechatronics},
  title     = {Design and analysis of a compliant non-invasive real-time localization system for nasogastric intubation},
  doi       = {10.1109/AIM.2014.6878226},
  pages     = {1091-1096},
  comment   = {Halbrundes Array zur Messung der Magnetposition bei der Beatmung},
  file      = {:PDF/Design_and_analysis_of_a_compliant_non-invasive_real-time_localization_system_for_nasogastric_intubation.pdf:PDF},
  groups    = {Inverse Probleme, Array-Strukturen, Lungen},
  year      = {2014},
}

@Article{Than2012,
  author  = {Than, Trung Duc and Alici, Gursel and Zhou, Hao and Li, Weihua},
  title   = {A Review of Localization Systems for Robotic Endoscopic Capsules},
  doi     = {10.1109/TBME.2012.2201715},
  number  = {9},
  pages   = {2387-2399},
  volume  = {59},
  comment = {Lokalisierung einer Kapsel mit einem 2D und 3D-Array aus Hall Sensoren},
  file    = {:PDF/A_Review_of_Localization_Systems_for_Robotic_Endoscopic_Capsules.pdf:PDF},
  groups  = {Array-Strukturen, Inverse Probleme, Lungen},
  journal = {IEEE Transactions on Biomedical Engineering},
  year    = {2012},
}

@Article{Ferrigno2021,
  author  = {Ferrigno, Luigi and Laracca, Marco and Milano, Filippo and Cerro, Gianni and Bellitti, Paolo and Serpelloni, Mauro and Piedrafita, Oscar Casas},
  title   = {Magnetic Localization System for Short-Range Positioning: A Ready-to-Use Design Tool},
  doi     = {10.1109/TIM.2020.3035397},
  pages   = {1-9},
  volume  = {70},
  file    = {:PDF/Magnetic_Localization_System_for_Short-Range_Positioning_A_Ready-to-Use_Design_Tool.pdf:PDF},
  groups  = {Array-Strukturen, Inverse Probleme},
  journal = {IEEE Transactions on Instrumentation and Measurement},
  year    = {2021},
}

@Article{Naghibi2021,
  author         = {Naghibi, Javad and Mehran, Kamyar and Foster, Martin P.},
  title          = {High-Frequency Non-Invasive Magnetic Field-Based Condition Monitoring of SiC Power MOSFET Modules},
  doi            = {10.3390/en14206720},
  issn           = {1996-1073},
  number         = {20},
  url            = {https://www.mdpi.com/1996-1073/14/20/6720},
  volume         = {14},
  article-number = {6720},
  file           = {:PDF/energies-14-06720-v2.pdf:PDF},
  groups         = {Array-Strukturen},
  journal        = {Energies},
  year           = {2021},
}

@Article{Guo_2021,
  author    = {Chunxian Guo and Lin Chen and Huaiqing Zhang},
  title     = {Current Measurement for Curved Conductor based on 3-D Coreless {TMR} Sensor Array},
  doi       = {10.1088/1742-6596/1887/1/012025}, 
  file      = {:PDF/Guo_2021_J._Phys. _Conf._Ser._1887_012025.pdf:PDF},
  groups    = {Array-Strukturen},
  journal   = {Journal of Physics: Conference Series},
  publisher = {{IOP} Publishing},
  year      = {2021},
}

@Article{ds_inf_Calibration,
	author = {{Infineon}},
	title  = {{TLE5xxx(D) Calibration 360°}},
	note   = {Datenblatt, {\href{https://www.infineon.com/dgdl/Infineon-TLE5xxx(D)_Calibration_360_AN-v02_00-AN-v02_00-EN.pdf:PDF?fileId=5546d46264a8de7e0164f09d8bfa228d}{www.infineon.com}}, 2019.},
	file   = {:PDF/Infineon-TLE5xxx(D)_Calibration_360_AN-v02_00-AN-v02_00-EN.pdf:PDF},
	groups = {Datasheets},
	year   = {},
}    
@Article{Deak_2015,
  author    = {J. G. Deak},
  date      = {2015},
  title     = {{B3.4 - Practical Tunneling Magnetoresistive Z-Axis Sensors}},
  doi       = {10.5162/sensor2015/B3.4},
  booktitle = {Proceedings {SENSOR} 2015},
  file      = {:PDF/B3.4-SENSOR2015.pdf:PDF},
  groups    = {Datasheets},
  publisher = {{AMA} Service {GmbH}, Von-Münchhausen-Str. 49, 31515 Wunstorf, Germany},
}
@Article{ds_kmz60,
	author = {{NXP Semiconductors}},
	title  = {{KMZ60 Angle Sensor with Integrated Amplifier}},
	note   = {Datenblatt, \href{https://www.nxp.com/docs/en/data-sheet/KMZ60.pdff}{www.nxp.com}, 2014.},
	file   = {:PDF/KMZ60.pdf:PDF},
	groups = {Datasheets},
	year   = {},
}  

@Article{Miyasaka_2021,
  author       = {Muneaki Miyasaka and Anthony Meng Huat Tiong and Phuoc Thien Phan and Yanpei Huang and Hung Leng Kaan and Khek Yu Ho and Soo Jay Phee},
  date         = {2021-01},
  journaltitle = {Annals of Biomedical Engineering},
  title        = {Two Magnetic Sensor Based Real-Time Tracking of Magnetically Inflated Swallowable Intragastric Balloon},
  doi          = {https://doi.org/10.1007/s10439-020-02716-5},
  number       = {7},
  pages        = {1735--1746},
  volume       = {49},
  comment      = {Tracking eines Magneten, der geschluckt wird 

Sensoren befinden sich auf dem Bauch und auf dem Rücken 

Für einen Magenballon},
  file         = {:PDF/Miyasaka2021_Article_TwoMagneticSensorBasedReal-Tim.pdf:PDF},
  groups       = {Inverse Probleme, Lungen},
  publisher    = {Springer Science and Business Media {LLC}},
}

@Book{Wiegand2007,
  author    = {Wiegand, Heinrich and Kloos, Karl-Heinz and Thomala, Wolfgang},
  date      = {2007-05-03},
  title     = {Schraubenverbindungen},
  doi       = {https://doi.org/10.1007/978-3-540-68470-1},
  isbn      = {978-3-540-21282-9},
  publisher = {Springer-Verlag Berlin Heidelberg},
  ean       = {9783540212829},
  file      = {:PDF/Kloos-Thomala2007_Book_Schraubenverbindungen(1).pdf:PDF},
  groups    = {Schraube},
  year      = {2007},
}

@Patent{pat_HelixStab2000,
  author = {Martin Grönefeld and Jürgen Gerhartz and Michael Ohmer},
  date   = {2000},
  title  = {{Verfahren zur Erfassung linearer Relativbewegungen zwischen Dauermagneten und Sensoren}},
  note 		  = {\href{{https://depatisnet.dpma.de/DepatisNet/depatisnet?action=pdf&docid=EP000000979988B1}}{Patent EPO979988B1}}, 
  file   = {:PDF/EP000000979988B1_all_pages.pdf:PDF},
  groups = {Patente},
}

@Article{Lehner2021,
  author    = {Günther Lehner and Stefan Kurz},
  date      = {},
  title     = {\href{https://www.springerprofessional.de/elektromagnetische-feldtheorie/19158694}{Elektromagnetische Feldtheorie}},
  isbn      = {978-3-662-63068-6},
  note 		= {Springer-Verlag, 2021.},
  publisher = {Springer-Verlag GmbH},
  url       = {https://www.ebook.de/de/product/40268293/guenther_lehner_stefan_kurz_elektromagnetische_feldtheorie.html},
  ean       = {9783662630686},
  file      = {:PDF/Lehner-Kurz2021_Book_ElektromagnetischeFeldtheorie.pdf:PDF},
  groups    = {Magnetismus},
  year      = {2021},
}

@Article{Franz_2014,
  author       = {Alfred M. Franz and Tamas Haidegger and Wolfgang Birkfellner and Kevin Cleary and Terry M. Peters and Lena Maier-Hein},
  date         = {2014},
  journaltitle = {IEEE Transactions on Medical Imaging},
  title        = {Electromagnetic Tracking in Medicine -- A Review of Technology, Validation, and Applications},
  doi          = {10.1109/tmi.2014.2321777},
  number       = {8},
  pages        = {1702--1725},
  volume       = {33},
  comment      = {Überblick über Sensoren und Verfahren zum Tracken von permanent oder Elektromagneten},
  file         = {:PDF/Franz_TMI2014.pdf:PDF},
  groups       = {Inverse Probleme, Lungen},
  publisher    = {Institute of Electrical and Electronics Engineers (IEEE)},
}

@Book{kochenderfer2019,
  author    = {Kochenderfer, Mykel},
  date      = {2019},
  title     = {Algorithms for optimization},
  isbn      = {0262039427},
  location  = {Cambridge, Massachusetts},
  publisher = {The MIT Press},
  file      = {PDF:PDF/optimization.pdf:PDF},
  groups    = {Inverse Probleme},
}

@Book{mayergoyz2003,
  author    = {Mayergoyz, I. D.},
  date      = {2003},
  title     = {Mathematical models of hysteresis and their applications},
  isbn      = {0-12-480873-5},
  location  = {Amsterdam Boston},
  publisher = {Elsevier},
  file      = {:PDF/Mathematical-Models-of-Hysteresis-and-Their-Applications.pdf:PDF},
  groups    = {Hysterese+Modellbildung},
}

@Article{Reiterer_2021,
  author       = {Michael Reiterer},
  date         = {2021-04},
  journaltitle = {Civil Engineering Design},
  title        = {Innovative methods to test and monitor the preload in mechanical fasteners},
  doi          = {https://doi.org/10.1002/cend.202100008},
  number       = {1-2},
  pages        = {23--34},
  volume       = {3},
  file         = {:PDF/Civil Engineering Design - 2021 - Reiterer - Innovative methods to test and monitor the preload in mechanical fasteners.pdf:PDF},
  groups       = {Schraube},
  publisher    = {Wiley},
}

@Book{Rolf_2015,
  author    = {Hans-Rolf Tränkler and Leonhard M. Reindl},
  date      = {2015-02-09},
  title     = {Sensortechnik},
  isbn      = {978-3-642-29941-4},
  publisher = {Springer-Verlag GmbH},
  url       = {https://www.ebook.de/de/product/19151719/sensortechnik.html},
  ean       = {9783642299414},
  file      = {:PDF/2014_Book_Sensortechnik.pdf:PDF},
  year      = {2015},
}

@Book{Zacharias_2020,
  author    = {Zacharias, Peter},
  date      = {2020-05-06},
  title     = {Magnetische Bauelemente},
  isbn      = {978-3-658-24741-6},
  publisher = {Springer-Verlag GmbH},
  url       = {https://www.ebook.de/de/product/35070513/peter_zacharias_magnetische_bauelemente.html},
  ean       = {9783658247416},
  file      = {:PDF/Zacharias2020_Book_MagnetischeBauelemente.pdf:PDF},
  year      = {2020},
}

@Book{Arens_2018,
  author    = {Arens, Tilo and Hettlich, Frank and Karpfinger, Christian and Kockelkorn, Ulrich and Lichtenegger, Klaus},
  date      = {2018-09-28},
  title     = {Mathematik},
  isbn      = {978-3-662-56740-1},
  publisher = {Springer-Verlag GmbH},
  url       = {https://www.ebook.de/de/product/33144491/tilo_arens_frank_hettlich_christian_karpfinger_ulrich_kockelkorn_klaus_lichtenegger_mathematik.html},
  ean       = {9783662567401},
  file      = {:PDF/Arens2018_Book_Mathematik.pdf:PDF},
  year      = {2018},
}

@Article{Lima_2006,
  author    = {Eduardo Andrade Lima and Andrei Irimia and John P. Wikswo},
  date      = {2006},
  title     = {The Magnetic Inverse Problem},
  doi       = {10.1002/9783527609956.ch10},
  pages     = {139--267},
  booktitle = {The {SQUID} Handbook},
  file      = {:PDF/027-2006-Lima-inverse-problem.pdf:PDF},
  groups    = {Inverse Probleme},
  publisher = {Wiley-{VCH} Verlag {GmbH} {\&} Co. {KGaA}},
}

@Book{Hering_2012,
  author    = {Ekbert Hering and Gert Schönfelder},
  date      = {2012},
  title     = {Physikalische Effekte zur Sensornutzung},
  doi       = {10.1007/978-3-8348-8635-4_2},
  pages     = {3--126},
  publisher = {Vieweg und Teubner Verlag},
  booktitle = {Sensoren in Wissenschaft und Technik},
  file      = {:PDF/Hering-Schönfelder2012_Chapter_PhysikalischeEffekteZurSensorn.pdf:PDF},
}

@Book{Sra_2012,
  author    = {Sra, Suvrit},
  date      = {2012},
  title     = {Optimization for machine learning},
  isbn      = {978-0-262-01646-9},
  location  = {Cambridge, Mass},
  publisher = {MIT Press},
  file      = {:PDF/(Neural Information Processing series) Suvrit Sra, Sebastian Nowozin, Stephen J. Wright-Optimization for Machine Learning (Neural Information Processing series) -The MIT Press (2011).pdf:PDF},
  groups    = {Inverse Probleme},
}

@Article{Jang_2019,
  author       = {Jang, Shin and Nam, Juhyun and Lee, Samgon and Oh, Je Hoon},
  journaltitle = {Metals},
  title        = {{A Simple, Reusable and Low-Cost {LVDT}-Based in Situ Bolt Preload Monitoring System during Fastening for a Truck Wheel Assembly}},
  doi          = {https://doi.org/10.3390/met9030336},
  file         = {:PDF/metals-09-00336.pdf:PDF},
  groups       = {Anwendungen, Schraube},
  publisher    = {{MDPI} {AG}},
}

@Article{Weitensfelder_2018,
  author    = {Weitensfelder, Herbert and Brueckl, Hubert and Satz, Armin and Pruegl, Klemens and Zimmer, Juergen and Luber, Sebastian and Raberg, Wolfgang and Abert, Claas and Bruckner, Florian and Bachleitner-Hofmann, Anton and Windl, Roman and Suess, Dieter},
  title     = {Comparison of Sensitivity and Low-Frequency Noise Contributions in Giant-Magnetoresistive and Tunneling-Magnetoresistive Spin-Valve Sensors with a Vortex-State Free Layer},
  doi       = {10.1103/PhysRevApplied.10.054056},
  issue     = {5},
  pages     = {054056},
  url       = {https://link.aps.org/doi/10.1103/PhysRevApplied.10.054056},
  volume    = {10},
  file      = {:PDF/Comparison_of_Sensitivity_and_Low_Frequency_Noise_.pdf:PDF},
  groups    = {MR-Technologie, TMR Vortex},
  journal   = {Phys. Rev. Applied},
  numpages  = {7},
  publisher = {American Physical Society},
  year      = {2018},
}

@Article{Sirohiwala_2015,
  author = {{A. Sirohiwala} and {W. Bussing}},
  date   = {},
  title  = {{Allegro MicroSystems Inc., Advanced On-chip Linearization in the A1332 Angle Sensor IC}},
  note   = {Datenblatt, \href{https://www.allegromicro.com/en/insights-and-innovations/technical-documents/hall-effect-sensor-ic-publications/advanced-on-chip-linearization-a1335-angle-sensor-ic}{www.allegromicro.com}, 2015.},
  file   = {:PDF/AN269121-Advanced-On-Chip-Linearization-A1332-Angle-Sensor-IC.pdf:PDF},
  groups = {Anwendungen},
}

@InBook{Slama_2016,
  author    = {Peter Slama and Leo Aichriedler},
  booktitle = {Automobil-Sensorik},
  date      = {2016},
  title     = {Hoch performante Rotorlage-Sensorik für bürstenlose E-Maschinen in Hybridantrieben},
  doi       = {https://doi.org/10.1007/978-3-662-48944-4_12},
  pages     = {233--250},
  publisher = {Springer Berlin Heidelberg},
  comment   = {Sensor mit einem Ringmagneten umgeben direkt in die Welle integriert, ab Seite 233. 
Das Bild auf Seite 245
Dual-Chip Sensor auf Seite 249},
  file      = {:PDF/2016_Book_Automobil-Sensorik.pdf:PDF},
  groups    = {Anwendungen},
}

@Book{Larsen_2013,
  author    = {Reinhard Larsen and Thomas Ziegenfu{\ss}},
  date      = {2013},
  title     = {Beatmung},
  doi       = {10.1007/978-3-642-29662-8},
  publisher = {Springer Berlin Heidelberg},
  file      = {:PDF/Larsen-Ziegenfuß2013_Book_Beatmung.pdf:PDF},
  groups    = {Lungen},
}

@Book{Hanning_2011,
  author    = {Tobias Hanning},
  date      = {2011},
  title     = {High Precision Camera Calibration},
  doi       = {https://doi.org/10.1007/978-3-8348-9830-2},
  publisher = {Vieweg und Teubner},
  file      = {:PDF/Hanning2011_Book_HighPrecisionCameraCalibration.pdf:PDF},
  groups    = {Schraube},
}

@Article{article,
  author  = {Ceschinski, H. and Henkes, H. and Weinert, H. and Weber, W. and Kühne, D. and Monstadt, H.},
  title   = {Torquability of microcather guidewires: The resulting torsional moment},
  pages   = {31-42},
  volume  = {10},
  file    = {:PDF/CeschinskiMonstadt.pdf:PDF},
  groups  = {Schraube},
  journal = {Bio-medical materials and engineering},
  month   = {02},
  year    = {2000},
}

@Article{Qinxue2020,
  author  = {Qinxue Pan and Ruipeng Pan and Chang Shao and Meile Chang and Xiaoyu Xu},
  title   = {Research Review of Principles and Methods for Ultrasonic Measurement of Axial Stress in Bolts},
  file    = {:PDF/s10033-020-0431-x.pdf:PDF},
  groups  = {Schraube},
  journal = {Chinese Journal of Mechanical Engineering},
  year    = {2020},
}

@Online{HKM_Kraftmessdose,
  author  = {{INDUK GmbH}},
  date    = {2018},
  title   = {{Hydraulischer Kraftaufnehmer HKMD43-10kN}},
  url     = {https://www.induk.de/wp-content/datenblaetter/HKMD43.pdf:PDF},
  urldate = {2022-03-23},
  file    = {:PDF/HKMD43.pdf:PDF},
  groups  = {Datasheets},
}

@Article{SCS_torque,
	author = {{SCS Concept}},
	title  = {{Freedom 3 Torque/Angle Digital Wrench, 30Nm}},
	note   = {Datenblatt, {\href{https://www.scsconcept.com/brochure/en/Freedom3.pdf}{www.scsconcept.com}}, 2018.},
	file   = {:PDF/Freedom3.pdf:PDF},
	groups = {Datasheets},
	year   = {},
}     
@Book{Eschenbach2022,
  author    = {{A. Meyer-Eschenbach et al.}},
  date      = {2022},
  title     = {Schraubenverbindungen},
  isbn      = {978-3-8343-3464-0},
  publisher = {Vogel Communications Group, Würzburg},
  ean       = {9783834334640},
  groups    = {Schraube},
  year      = {2022},
}

@Online{SmartBolt,
  author = {{Industrial Indicators}},
  date   = {2021-12-08},
  title  = {SmartBolts},
  url    = {http://www.smartbolts.com/},
  groups = {Schraube},
}

@Online{ForceSensors,
  author = {{Kistler Group}},
  date   = {2022},
  title  = {Force sensors -- Transparent manufacturing processes ensure qualityand reduce costs.},
  url    = {www.kistler.com},
  file   = {:PDF/960-262e-17.0.pdf:PDF},
  groups = {Schraube},
}

@Misc{VDI2230,
  author = {{Verein Deutscher Ingenieure}},
  date   = {2003},
  title  = {VDI 2230 -- Systematische Berechnunghochbeanspruchter Schraubenverbindungen Zylindrische Einschraubenverbindungen},
  file   = {:PDF/VDI2230.pdf:PDF},
  groups = {Schraube},
}

@Article{Jiang_2002,
  author    = {Yanyao Jiang and Ming Zhang and Tae-Won Park and Chu-Hwa Lee},
  date      = {2002-01},
  title     = {An Experimental Investigation on Frictional Properties of Bolted Joints},
  doi       = {10.1115/PVP2002-1083},
  booktitle = {Analysis of Bolted Joints},
  file      = {:PDF/PVP2002.pdf:PDF},
  groups    = {Schraube},
  publisher = {{ASMEDC}},
}

@Book{case1999strength,
  author    = {Case, John and Chilver, Lord and Ross, Carl},
  date      = {1999},
  title     = {Strength of materials and structures},
  isbn      = {9780340719206},
  location  = {London New York},
  publisher = {Arnold John Wiley \& Sons},
  file      = {:PDF/Torsion.pdf:PDF},
  groups    = {Schraube},
}

@Article{stat_2012,
  author       = {Spectaris},
  date         = {2012},
  journaltitle = {Statista},
  title        = {Prognostizierter Zuwachs der Patienten ausgewählter Krankheiten* in Deutschland nach Art der Einschränkung bis 2050},
  url          = {https://de.statista.com/statistik/daten/studie/248103/umfrage/zuwachs-der-patientenzahlen-in-deutschland-nach-art-der-einschraenkung/},
  file         = {:PDF/statistic_id248103_krankheiten---zuwachs-der-patientenzahlen-nach-art-der-einschraenkung-bis-2050.pdf:PDF},
  groups       = {Lungen},
}

@Misc{Till_2022,
  author = {Riemschneider, Till},
  date   = {2022},
  title  = {Persönliche Kommunikation zur endotrachealen Intubation},
  groups = {Lungen},
}

@Misc{elen_2022,
  author = {{Elen S.r.l.}},
  date   = {2022},
  title  = {Sensori Angolari ad Effetto Hall con magnete esterno},
  url    = {www.elensrl.com},
  file   = {:PDF/D0040322.pdf:PDF},
  groups = {Schraube, Software},
}

@InProceedings{schuetheSAS22,
  author    = {Thorben {Sch{\"u}the} and Karl-Ragmar Riemschneider and Andreas Meyer-Eschenbach},
  booktitle = {IEEE SAS},
  date      = {2022},
  title     = {Magnetic Sensor Array for Determining the Assembly Torsion and Preload of a Bolted Joint},
  file      = {:PDF/Korrekturen_Schuethe_SAS_2022_BoltedJoint.pdf:PDF},
  groups    = {Eigene Publikationen},
  keywords  = {ownpub},
}

@InProceedings{schuetheSEIA2020,
  author    = {Sch{\"u}the, Thorben and Petrak, Oleg and Riemschneider, Karl-Ragmar},
  booktitle = {SEIA 2020},
  date      = {2020},
  title     = {Model Based Signal Processing for Angle Measurement with a Magnetoresistive Sensor Array},
  isbn      = {978-84-09-23483-7},
  file      = {:PDF//SEIA_2020_Proceedings.pdf:PDF},
  groups    = {Eigene Publikationen},
  keywords  = {ownpub},
}

@InProceedings{schuetheSAS2019,
  author    = {T. {Schüthe} and A. {Albounyan} and K. {Riemschneider}},
  booktitle = {IEEE SAS},
  date      = {2019},
  title     = {{Two-Dimensional Characterization and Simplified Simulation Procedure for TMR Angle Sensors}},
  doi       = {10.1109/SAS.2019.8706125},
  file      = {:PDF/sas_schuethe.pdf:PDF},
  groups    = {Eigene Publikationen},
  keywords  = {ownpub},
}

@Book{Szeliski_2011,
  author    = {Richard Szeliski},
  date      = {2011},
  title     = {{Computer Vision}},
  doi       = {https://doi.org/10.1007/978-1-84882-935-0},
  publisher = {Springer London},
  file      = {:PDF/Szeliski_CVAABook_2ndEd.pdf:PDF},
  groups    = {Schraube},
}

@Book{J_hne_2012,
  author    = {Bernd Jähne},
  date      = {2012},
  title     = {Digitale Bildverarbeitung},
  doi       = {https://doi.org/10.1007/978-3-642-04952-1},
  publisher = {Springer Berlin Heidelberg},
  file      = {:PDF/Jähne2012_Book_DigitaleBildverarbeitung.pdf:PDF},
  groups    = {Signalverarbeitung},
}

@Patent{pt_SchraubMonitoringCN,
  author      = {C. {Hongde} and Z. {Hongwu} and Z. {Rongxiang} and F. {Wen}},
  date        = {2019},
  title       = {{Intelligent fastener capable of sensing looseness of fastener nut and online monitoring system}},
  note 		  = {\href{{https://depatisnet.dpma.de/DepatisNet/depatisnet?window=1&space=menu&content=treffer&action=pdf&docid=CN000110273909A&Cl=2&Bi=1&Ab=&De=3&Dr=6&Pts=&Pa=&We=&Sr=&Eam=&Cor=&Aa=&so=desc&sf=vn&firstdoc=1&NrFaxPages=6&pdfpage=1}}{Pat.apl. CN110273909A}},
  comment     = {Überwachung der Schraubenposition während des Betriebsphase. Hier auch mit TMR-Sensoren und einem drahtlosen Übertrage},
  file        = {:PDF/CN110273909Ade.pdf:PDF},
  groups      = {Schraube, Patente},
  institution = {Shanghai IMPR Technology Co., Ltd},
}

@Article{Lan_2020,
  author       = {Tianshu Lan and Baofu Ding and Bilu Liu},
  date         = {2020},
  journaltitle = {Nano Select},
  title        = {Magneto-optic effect of two-dimensional materials and related applications},
  doi          = {10.1002/nano.202000032},
  number       = {3},
  pages        = {298--310},
  volume       = {1},
  file         = {:PDF/Nano Select - 2020 - Lan - Magneto‐optic effect of two‐dimensional materials and related applications.pdf:PDF},
  groups       = {Magnetismus},
  publisher    = {Wiley},
}

@Article{Jiles_1995,
  author    = {Davis C. Jiles},
  title     = {Theory of the magnetomechanical effect},
  doi       = {10.1088/0022-3727/28/8/001},
  number    = {8},
  pages     = {1537--1546},
  url       = {https://doi.org/10.1088/0022-3727/28/8/001},
  volume    = {28},
  file      = {:PDF/D_C_Jiles_1995_J._Phys._D _Appl._Phys._28_1537.pdf:PDF},
  groups    = {Magnetismus},
  journal   = {Journal of Physics D: Applied Physics},
  publisher = {{IOP} Publishing},
  year      = {1995},
}

@Book{Tumanski2011,
  author    = {Tumański, Sławomir},
  date      = {2011},
  title     = {Handbook of magnetic measurements},
  isbn      = {9781439829516},
  publisher = {Taylor \& Fracis},
  file      = {:PDF/Tumanski_Handbook-of-Magnetic-Measureme_9781439829523.pdf:PDF},
  groups    = {MR-Technologie},
}

@Article{Suess_2017,
	title={{Topologically Protected Vortex Structures to Realize Low-Noise Magnetic Sensors}}, 
	author={{D. Suess, A. Bachleitner-Hofmann, A. Satz, H. Weitensfelder, C. Vogler, F. Bruckner, C. Abert, K. Prügl, J. Zimmer, C. Huber, S. Luber, W. Raberg, T. Schrefl, H. Brückl}},
	year={2017},
	eprint={1712.07061},
	archivePrefix={arXiv},
	primaryClass={cond-mat.mes-hall},
	groups    = {TMR Vortex},
	doi       = {10.48550/ARXIV.1712.07061},
	file      = {:PDF/Topologically_Protected_Vortex_Structures_to_Reali.pdf:PDF},
} 

@Online{ThorlabsGon,
  author = {{Thorlabs, Inc.}},
  date   = {2020},
  title  = {{GN05M - Small Goniometer, Metric}},
  url    = {https://www.thorlabs.com/thorproduct.cfm?partnumber=GN05/M},
  file   = {:PDF/GN05_M-AutoCADPDF.pdf:PDF},
  groups = {Datasheets},
}

@Online{tm4c1294,
  author = {{Texas Instruments Inc.}},
  date   = {2016},
  title  = {{Tiva C Series TM4C1294 Connected LaunchPad Evaluation Kit EK-TM4C1294XL}},
  url    = {https://www.ti.com/product/TM4C1294NCPDT},
  file   = {:PDF/spmu365c.pdf:PDF},
  groups = {Datasheets},
}

@Patent{pt_Schraubwerkzeug,
	author   = {Thorben Schüthe and Andreas Meyer-Eschenbach and Karl-Ragmar Riemschneider and Finn Weithoff and Sarah Richter and Jannik Brodersen},
	date   = {2022},
	title  = {{Werkzeug für die Schraubenmontage mit Magnetsensor-Array zur Torsionsmessung}},
	note 		  = {\href{{https://depatisnet.dpma.de/DepatisNet/depatisnet?action=pdf&firstdoc=6&docid=DE102022002785A1}}{Pat.apl. DE102022002785A1}},
	file   = {:PDF/DE102022002785A1_all_pages.pdf:PDF},
	groups = {ownpub},
} 

@Article{Grambichler_2018,
  author    = {Klaus Grambichler and Gernot Binder and Simon Hainz and Helmut Köck},
  date      = {2018},
  title     = {{GMR}-basierter, störfeldrobuster Kurbelwellensensor für Hybridfahrzeuge},
  doi       = {https://doi.org/10.1007/978-3-662-56310-6_8},
  pages     = {177--198},
  booktitle = {Automobil-Sensorik 2},
  file      = {:PDF/GMRkurbelwellensensor.pdf:PDF},
  groups    = {Anwendungen},
  publisher = {Springer Berlin Heidelberg},
}

@Article{ds_tdkTAS2143,
  author = {{TDK Electronics}},
  title  = {{TAS2143-AAAA -- TMR Angle Sensor}},
  note   = {Datenblatt, \href{https://product.tdk.com/system/files/dam/doc/product/sensor/angle/tmr-angle/data_sheet/ds_sensor_tmr-angle_tas2143-aaaa_en.pdf}{www.tdk.com}, 2019.},
  file   = {:PDF/ds_tas2143.pdf:PDF},
  groups = {Datasheets},
  year   = {},
}
@Article{ds_cuidevices,
	author = {{CUI-Devices}},
	title  = {{AMT212D-V Modular Absolute Encoder (14bit)}},
	note   = {Datenblatt, {\href{https://www.cuidevices.com/product/motion/rotary-encoders/absolute/modular/amt212d-v}{www.cuidevices.com}}, 2021.},
	file   = {:PDF/amt21-v.pdf:PDF},
	groups = {Datasheets},
	year   = {},
} 

@Book{GonzalesImageProcessing,
  author    = {Gonzalez, R.C. and Woods, R.E.},
  date      = {2018},
  title     = {Digital Image Processing},
  edition   = {4},
  isbn      = {9781292223049},
  publisher = {Pearson Education Ltd},
  file      = {:PDF/digiImProcBPfilt.pdf:PDF},
  groups    = {Signalverarbeitung},
  lccn      = {2017001581},
}

@Article{ds_MDT2901,
  author = {{MultiDimension Technology}},
  title  = {TMR2901 -- Ultra High Sensitivity TMR Linear Sensor},
  note   = {Datenblatt, \href{http://www.dowaytech.com/en/1876.html}{www.dowaytech.com/en}, 2019.},
  file   = {:PDF/MDT-Linear-Sensors-TMR2901-Datasheet-EN-V1.0a-1.pdf:PDF},
  groups = {Datasheets},
}

@Online{ds_CT100,
  author = {{Crocus Technology, Inc.}},
  date   = {2022},
  title  = {{CT100 - 1D Linear Sensor}},
  url    = {https://crocus-technology.com/products/ct100/},
  file   = {:PDF/CT100-Data-Sheet-Rev2.0.pdf:PDF},
  groups = {Datasheets},
}

@Online{ds_NVE,
  author = {{NVE\,Corporation}},
  date   = {2022},
  title  = {ALT02x TMR Analog Magnetometer Sensors},
  url    = {https://www.nve.com/analogSensors#magnetometers},
  file   = {:PDF/ALTxxx-10.pdf:PDF},
  groups = {Datasheets},
}

@Patent{intubation,
  author = {Benje Boedeker and Scott Hofmann},
  date   = {2007},
  title  = {{Device for Insertion of Endotracheal Tube}},
  note 		  = {\href{{https://depatisnet.dpma.de/DepatisNet/depatisnet?window=1&space=menu&content=treffer&action=pdf&docid=US000007174889B2&Cl=12&Bi=1&Ab=1&De=9&Dr=2&Pts=&Pa=&We=&Sr=&Eam=&Cor=&Aa=&so=desc&sf=vn&firstdoc=1&NrFaxPages=12&pdfpage=1}}{Patent US7174889B2}},
  file   = {:PDF/US7174889.pdf:PDF},
  groups = {Lungen, Patente},
}

@Report{MarketAnalysis,
  author = {{Polaris Market Research}},
  date   = {2021},
  title  = {{Global Magnetic Sensor Market– Forecast to 2030}},
  url    = {https://www.polarismarketresearch.com/industry-analysis/magnetic-sensors-market},
  file   = {:PDF/Sample_ Magnetic_Sensor_Market_Forecast_to_2030.pdf:PDF},
  groups = {MR-Technologie, Datasheets},
}

@Book{1998feldlinien,
  author    = {Wilhelm H. Kegel},
  date      = {1998},
  title     = {Plasmaphysik Eine Einführung},
  isbn      = {978-3-642-58771-9},
  doi       = {10.1007/978-3-642-58771-9},
  publisher = {Springer Berlin Heidelberg},
  subtitle  = {Eine Einführung},
  file      = {:PDF/1998_Bookmatter_Plasmaphysik.pdf:PDF},
  groups    = {Magnetismus},
}

@Book{bronstein,
  author    = {G. Grosche and V. Ziegler and D. Ziegler},
  date      = {2012},
  title     = {Springer-Taschenbuch der Mathematik 3. Auflage},
  editor    = {E. Zeidler},
  isbn      = {978-3-8351-0123-4},
  publisher = {Springer Vieweg},
  file      = {:PDF/TabuMathe.pdf:PDF},
  groups    = {Inverse Probleme, Mathematik},
}

@Online{ds_SpeedSensor,
  author = {{Philips\,Semiconductors}},
  date   = {1999},
  title  = {{Applicaition Note: Rotational Speed SensorsKMI15/16}},
  url    = {https://www.nxp.com/docs/en/application-note/AN98087.pdf},
  file   = {:PDF/AN98087.pdf:PDF},
  groups = {Datasheets},
}

@InCollection{THEUSS2020691,
  author    = {Horst Theuss and Klaus Pressel},
  booktitle = {Handbook of Silicon Based MEMS Materials and Technologies (Third Edition)},
  title     = {Chapter 32 - Three-dimensional integration of MEMS},
  doi       = {https://doi.org/10.1016/B978-0-12-817786-0.00032-3},
  edition   = {Third Edition},
  editor    = {Markku Tilli and Mervi Paulasto-Krockel and Matthias Petzold and Horst Theuss and Teruaki Motooka and Veikko Lindroos},
  isbn      = {978-0-12-817786-0},
  pages     = {691-706},
  publisher = {Elsevier},
  series    = {Micro and Nano Technologies},
  url       = {https://www.sciencedirect.com/science/article/pii/B9780128177860000323},
  abstract  = {This chapter elaborates on packaging technologies for micro electro mechanical system (MEMS). Within a basic concept discussion, we focus on cavity formation and on further assembly of the MEMS to produce a surface mountable device. We discuss standard solutions as well as examples for complex three-dimensional heterogeneous integration. Emphasis is also put on the importance of low-stress packaging: package-induced stress has the problem that it can substantially deteriorate the performance of a MEMS device. In consequence, measures to keep the stress level low need to be taken into account.},
  file      = {PDF/3-s2.0-B9780128177860000323-f32-17-9780128177860.jpg},
  keywords  = {3D integration, cavity formation, device packaging, low, stress packaging, MEMS, surface mountable devices},
  year      = {2020},
}

@Article{Jin2021,
  author       = {{Z. Jin, M. A. I. Mohd Noor Sam, Y. Ando}},
  date         = {2021-01},
  journaltitle = {MDPI Sensors},
  title        = {Serial {MTJ}-Based {TMR} Sensors in Bridge Configuration for Detection of Fractured Steel Bar in Magnetic Flux Leakage Testing},
  doi          = {10.3390/s21020668},
  number       = {2},
  volume       = {21},
  file         = {:PDF/sensors-21-00668-v2.pdf:PDF},
  groups       = {MR-Technologie},
  publisher    = {{MDPI} {AG}},
}

@Report{ISAR_abschluss,
  author = {Marcus Prochaska and Karl-Ragmar Riemschneider and Hartmut Matz and Thorben Schüthe},
  date   = {2020},
  title  = {Abschlussbericht des Projektes: Signalverarbeitung für Integrated Sensor-Arrays basierend auf dem Tunnel-Magnetoresistiven Effekt für den Einsatzin der Automobilelektronik (ISAR)},
  type   = {Abschlussbericht},
  file   = {:PDF/v11_Abschluss.pdf:PDF},
}

@Patent{pt_offsetCalib,
  author = {Eberhard Waffenschmidt},
  date   = {2000},
  title  = {{Verfahren zur Offset-Kalibrierung eines magnetoresistiven Winkelsensors}},
  note 		  = {\href{{https://depatisnet.dpma.de/DepatisNet/depatisnet?window=1&space=menu&content=treffer&action=pdf&docid=DE000019852502A1&Cl=6&Bi=1&Ab=1&De=2&Dr=8&Pts=&Pa=&We=&Sr=&Eam=&Cor=&Aa=&so=desc&sf=vn&firstdoc=1&NrFaxPages=10&pdfpage=1}}{Pat.apl. DE19852502A1}},
  file   = {:PDF/DE19852502A1_Original_document_20230403173545.pdf:PDF},
  groups = {Patente},
}

@Article{Yan_2022,
  author       = {Shaohua Yan and Zitong Zhou and Yaodi Yang and Qunwen Leng and Weisheng Zhao},
  date         = {2022},
  journaltitle = {Tsinghua Science and Technology},
  title        = {Developments and applications of tunneling magnetoresistance sensors},
  doi          = {1 0 . 2 6 5 9 9 / T S T . 2 0 2 1 . 9 0 1 0 0 6 1},
  number       = {3},
  pages        = {443--454},
  volume       = {27},
  file         = {:PDF/Developments_and_applications_of_tunneling_magnetoresistance_sensors.pdf:PDF},
  groups       = {MR-Technologie},
  publisher    = {Tsinghua University Press},
}

@Article{ds_crocus_AppNote,
  author = {{Crocus Technology, Inc.}},
  date   = {2018},
  title  = {{Application Note, AN117 - From Hall Effect to TMR}},
  file   = {:PDF/AN117-From-Hall-Effect-to-TMR-Rev0.1.pdf:PDF},
  groups = {Datasheets},
}

@Online{ds_tmc2225,
  author = {{TRINAMIC Motion Control GmbH \& Co. KG}},
  date   = {2023},
  title  = {{TMC2225 Datasheet}},
  url    = {www.trinamic.com},
  file   = {:PDF/TMC2225_datasheet_rev1.15.pdf:PDF},
  groups = {Datasheets},
}

@Thesis{stud_luck,
  author   = {Ann-Kathrin Silvia Luck},
  title    = {Entwicklung einer konfigurierbaren Messverstärker-Vorstufe für magnetische Sensor-Arrays},
  type     = {Bachelorthesis (In Bearbeitung)},
  groups   = {Abschlussarbeiten},
  keywords = {students},
  school   = {HAW Hamburg},
  year     = {2023},
}

@Thesis{stud_haege,
  author   = {Jakob Martin Häge},
  title    = {Magnetisches Sensor-Array für ein Schraubwerkzeug: Hard- und Softwareentwicklung sowie Erprobung},
  type     = {Bachelorthesis (In Bearbeitung)},
  groups   = {Abschlussarbeiten},
  keywords = {students},
  school   = {HAW Hamburg},
  year     = {2023},
}

@InProceedings{Bakos2014,
  author    = {Bakos, Ádám and Gőzse, István and Soumelidis, Alexandros},
  booktitle = {22nd Mediterranean Conference on Control and Automation},
  title     = {Design and analysis of a magnetic off-axis rotary position sensing device},
  doi       = {10.1109/MED.2014.6961370}, 
  file      = {:PDF/Design_and_analysis_of_a_magnetic_off-axis_rotary_position_sensing_device.pdf:PDF},
  year      = {2014},
}


@Article{ds_4x4,
	author = {{Nexperia B.V.}},
	title  = {{74HCT4066 Quad single-pole single-throw analog switch}},
	note   = {Datenblatt, \href{https://assets.nexperia.com/documents/data-sheet/74HC_HCT4066.pdf}{www.nexperia.com}, 2021.},
	groups = {Datasheets},
	year   = {},
}
@Article{ds_16x1,
	author = {{Nexperia B.V.}},
	title  = {{74HCT4067 16-channel analog multiplexer/demultiplexer}},
	note   = {Datenblatt, \href{https://assets.nexperia.com/documents/data-sheet/74HC_HCT4067.pdf}{www.nexperia.com}, 2021.},
	groups = {Datasheets},
	year   = {},
} 
@Article{adc_16bit,
	author = {{Analog Devices, Inc.}},
	title  = {{AD7380-4 Differential Input, Quad, External Reference Simultaneous Sampling, 16-Bit, SAR ADC}},
	note   = {Datenblatt, \href{https://www.analog.com/media/en/technical-documentation/data-sheets/ad7380-4.pdf}{www.analog.com}, 2022.},
	groups = {Datasheets},
	year   = {},
}  
@Article{tm4c_microcontroller,
	author = {{Texas Instruments Inc.}},
	title  = {{TM4C1294NCPDT 32-Bit-ARM-Cortex-M4F-based MCU}},
	note   = {Datenblatt, \href{https://www.ti.com/product/de-de/TM4C1294NCPDT}{www.ti.com}, 2014.},
	groups = {Datasheets},
	year   = {},
}   

@Article{rheometer,
  author = {{Anton Paar GmbH}},
  date   = {},
  title  = {{Rheometer - The MCR rheometer series}},
  note   = {Datenblatt, \href{https://www.anton-paar.com/uk-en/products/group/rheometer/}{www.anton-paar.com}, 2023.},
  groups = {Datasheets},
}

@Article{heidenhain,
  author = {{Dr. Johannes Heidenhain GmbH}},
  date   = {},
  title  = {{Angle Encoders Product Page}},
  note    = {Datenblatt, \href{https://www.heidenhain.com/products/angle-encoders}{www.heidenhain.com}, 2023.},
  groups = {Datasheets},
}

@Article{antenna,
  author       = {{M. Ahmed et al.}},
  date         = {2014},
  journaltitle = {Aust. J. Basic \& Appl. Sci.},
  title        = {A Review of Strategies for Parabolic Antenna Control},
}

@Comment{jabref-meta: databaseType:biblatex;}

@Comment{jabref-meta: fileDirectoryLatex-TSchuethe-LAPTOP-QC8O2EK6:C:\\Users\\TSchuethe\\OneDrive\\Dokumente\\_Dissertation;}

@Comment{jabref-meta: grouping:
0 AllEntriesGroup:;
1 StaticGroup:Abschlussarbeiten\;0\;1\;0x0000ffff\;\;\;;
1 StaticGroup:Anwendungen\;0\;1\;0x8a8a8aff\;\;\;;
1 StaticGroup:Array-Strukturen\;0\;1\;0x8a8a8aff\;\;\;;
1 StaticGroup:Charakterisierung\;0\;0\;0x8a8a8aff\;\;\;;
1 StaticGroup:Datasheets\;0\;0\;0xffff4dff\;\;\;;
1 StaticGroup:Eigene Publikationen\;0\;0\;0x80b380ff\;\;\;;
1 StaticGroup:Hysterese+Modellbildung\;0\;1\;0x8099ffff\;\;\;;
1 StaticGroup:Inverse Probleme\;0\;1\;0x808000ff\;\;\;;
1 StaticGroup:KREY\;0\;0\;0x8a8a8aff\;\;\;;
1 StaticGroup:Lungen\;0\;0\;0x8a8a8aff\;\;\;;
1 StaticGroup:Magnetismus\;0\;1\;0x8a8a8aff\;\;\;;
1 StaticGroup:Mathematik\;0\;1\;0x8a8a8aff\;\;\;;
1 StaticGroup:MR-Technologie\;0\;1\;0xff0000ff\;\;\;;
1 StaticGroup:Patente\;0\;1\;0xffffb3ff\;\;\;;
1 StaticGroup:Remanenz-Reduktion-Anregung\;0\;1\;0x990000ff\;\;\;;
1 StaticGroup:Schaltungstechnik\;0\;1\;0xe6ccffff\;\;\;;
1 StaticGroup:Schraube\;0\;1\;0x8a8a8aff\;\;\;;
1 StaticGroup:Signalverarbeitung\;0\;1\;0x00ff00ff\;\;Gaussian Process, Inverse Problem, Fourier Transform, ...\;;
1 StaticGroup:Software\;0\;1\;0x8066ccff\;\;\;;
1 StaticGroup:TMR Vortex\;0\;0\;0x8a8a8aff\;\;\;;
}
